ticker,time,orderType,volume,price,prevPriceChange
STB,10:28:05,Buy Up,200,28600.0,0.0
STB,10:28:01,Buy Up,500,28600.0,0.0
STB,10:28:01,Buy Up,300,28600.0,0.0
STB,10:28:01,Buy Up,200,28600.0,0.0
STB,10:28:01,Buy Up,20000,28600.0,0.0
STB,10:28:01,Buy Up,1000,28600.0,0.0
STB,10:28:01,Buy Up,500,28600.0,0.0
STB,10:28:01,Buy Up,10000,28600.0,0.0
STB,10:28:01,Buy Up,2000,28600.0,0.0
STB,10:28:01,Buy Up,2000,28600.0,0.0
STB,10:28:01,Buy Up,63500,28600.0,0.0
STB,10:27:58,Buy Up,100,28600.0,0.0
STB,10:27:56,Buy Up,500,28600.0,0.0
STB,10:27:51,Buy Up,1000,28600.0,50.0
STB,10:27:49,Sell Down,21600,28550.0,-50.0
STB,10:27:40,Buy Up,400,28600.0,0.0
STB,10:27:38,Buy Up,700,28600.0,50.0
STB,10:27:36,Sell Down,2000,28550.0,0.0
STB,10:27:33,Sell Down,4500,28550.0,-50.0
STB,10:27:29,Buy Up,700,28600.0,50.0
STB,10:27:23,Sell Down,1000,28550.0,-50.0
STB,10:27:20,Buy Up,700,28600.0,50.0
STB,10:27:15,Sell Down,1300,28550.0,-50.0
STB,10:27:15,Buy Up,200,28600.0,0.0
STB,10:27:12,Buy Up,2900,28600.0,0.0
STB,10:27:10,Buy Up,2000,28600.0,0.0
STB,10:27:06,Buy Up,7300,28600.0,0.0
STB,10:27:06,Buy Up,2700,28600.0,50.0
STB,10:27:00,Sell Down,200,28550.0,0.0
STB,10:26:49,Sell Down,4500,28550.0,-50.0
STB,10:26:45,Buy Up,400,28600.0,0.0
STB,10:26:45,Buy Up,600,28600.0,0.0
STB,10:26:34,Buy Up,1600,28600.0,0.0
STB,10:26:22,Buy Up,3100,28600.0,0.0
STB,10:26:22,Buy Up,800,28600.0,0.0
STB,10:26:22,Buy Up,100,28600.0,0.0
STB,10:26:13,Buy Up,400,28600.0,0.0
STB,10:26:13,Buy Up,300,28600.0,0.0
STB,10:26:08,Buy Up,1000,28600.0,0.0
STB,10:26:08,Buy Up,2700,28600.0,0.0
STB,10:26:08,Buy Up,100,28600.0,0.0
STB,10:26:08,Buy Up,2200,28600.0,0.0
STB,10:26:05,Buy Up,700,28600.0,50.0
STB,10:26:02,Sell Down,5500,28550.0,-50.0
STB,10:25:56,Buy Up,1700,28600.0,0.0
STB,10:25:50,Buy Up,400,28600.0,0.0
STB,10:25:44,Buy Up,2000,28600.0,0.0
STB,10:25:44,Buy Up,1200,28600.0,0.0
STB,10:25:44,Buy Up,3800,28600.0,0.0
STB,10:25:42,Buy Up,1000,28600.0,0.0
STB,10:25:35,Buy Up,1300,28600.0,0.0
STB,10:25:19,Buy Up,1900,28600.0,0.0
STB,10:25:19,Buy Up,3100,28600.0,0.0
STB,10:25:18,Buy Up,1100,28600.0,0.0
STB,10:25:10,Buy Up,1000,28600.0,0.0
STB,10:25:07,Buy Up,1000,28600.0,0.0
STB,10:25:04,Buy Up,1000,28600.0,50.0
STB,10:24:59,Sell Down,500,28550.0,-50.0
STB,10:24:50,Buy Up,1100,28600.0,0.0
STB,10:24:46,Buy Up,1700,28600.0,0.0
STB,10:24:46,Buy Up,400,28600.0,0.0
STB,10:24:46,Buy Up,1000,28600.0,0.0
STB,10:24:46,Buy Up,10000,28600.0,0.0
STB,10:24:46,Buy Up,20000,28600.0,0.0
STB,10:24:46,Buy Up,2000,28600.0,0.0
STB,10:24:46,Buy Up,500,28600.0,0.0
STB,10:24:46,Buy Up,1000,28600.0,0.0
STB,10:24:46,Buy Up,30000,28600.0,0.0
STB,10:24:46,Buy Up,2000,28600.0,0.0
STB,10:24:46,Buy Up,7000,28600.0,0.0
STB,10:24:46,Buy Up,2000,28600.0,0.0
STB,10:24:46,Buy Up,10000,28600.0,0.0
STB,10:24:46,Buy Up,300,28600.0,0.0
STB,10:24:46,Buy Up,1000,28600.0,0.0
STB,10:24:46,Buy Up,10000,28600.0,0.0
STB,10:24:46,Buy Up,200,28600.0,0.0
STB,10:24:46,Buy Up,300,28600.0,0.0
STB,10:24:46,Buy Up,600,28600.0,0.0
STB,10:24:45,Buy Up,100,28600.0,0.0
STB,10:24:37,Buy Up,900,28600.0,0.0
STB,10:24:34,Buy Up,1000,28600.0,0.0
STB,10:24:33,Buy Up,500,28600.0,0.0
STB,10:24:32,Buy Up,200,28600.0,50.0
STB,10:24:26,Sell Down,2000,28550.0,-50.0
STB,10:24:25,Buy Up,1100,28600.0,0.0
STB,10:24:16,Buy Up,2800,28600.0,0.0
STB,10:24:12,Buy Up,1300,28600.0,0.0
STB,10:24:06,Buy Up,500,28600.0,0.0
STB,10:24:05,Buy Up,100,28600.0,0.0
STB,10:24:02,Buy Up,900,28600.0,0.0
STB,10:24:02,Buy Up,16100,28600.0,0.0
STB,10:23:59,Buy Up,1000,28600.0,0.0
STB,10:23:58,Buy Up,900,28600.0,0.0
STB,10:23:55,Buy Up,1600,28600.0,0.0
STB,10:23:40,Buy Up,3400,28600.0,0.0
STB,10:23:40,Buy Up,1000,28600.0,0.0
STB,10:23:40,Buy Up,500,28600.0,0.0
STB,10:23:40,Buy Up,500,28600.0,0.0
STB,10:23:40,Buy Up,100,28600.0,0.0
STB,10:23:35,Buy Up,1000,28600.0,0.0
STB,10:23:35,Buy Up,1000,28600.0,0.0
STB,10:23:33,Buy Up,200,28600.0,0.0
STB,10:23:33,Buy Up,300,28600.0,0.0
STB,10:23:31,Buy Up,4200,28600.0,0.0
STB,10:23:31,Buy Up,700,28600.0,0.0
STB,10:23:31,Buy Up,100,28600.0,0.0
STB,10:23:22,Buy Up,1000,28600.0,50.0
STB,10:23:21,Sell Down,200,28550.0,-50.0
STB,10:23:18,Buy Up,200,28600.0,0.0
STB,10:23:17,Buy Up,2000,28600.0,50.0
STB,10:23:12,Sell Down,1000,28550.0,-50.0
STB,10:23:09,Buy Up,1300,28600.0,0.0
STB,10:23:06,Buy Up,600,28600.0,0.0
STB,10:23:05,Buy Up,500,28600.0,0.0
STB,10:22:53,Buy Up,200,28600.0,0.0
STB,10:22:53,Buy Up,800,28600.0,0.0
STB,10:22:40,Buy Up,800,28600.0,0.0
STB,10:22:40,Buy Up,200,28600.0,0.0
STB,10:22:36,Buy Up,300,28600.0,0.0
STB,10:22:36,Buy Up,200,28600.0,0.0
STB,10:22:27,Buy Up,1000,28600.0,0.0
STB,10:22:25,Buy Up,100,28600.0,0.0
STB,10:22:25,Buy Up,400,28600.0,0.0
STB,10:22:25,Buy Up,500,28600.0,50.0
STB,10:22:23,Sell Down,200,28550.0,-50.0
STB,10:22:22,Buy Up,1900,28600.0,0.0
STB,10:22:22,Buy Up,300,28600.0,0.0
STB,10:22:22,Buy Up,7800,28600.0,0.0
STB,10:22:19,Buy Up,900,28600.0,0.0
STB,10:22:19,Buy Up,2100,28600.0,50.0
STB,10:22:18,Sell Down,1000,28550.0,-50.0
STB,10:22:15,Buy Up,1200,28600.0,50.0
STB,10:22:12,Sell Down,200,28550.0,0.0
STB,10:22:08,Sell Down,3100,28550.0,0.0
STB,10:21:59,Sell Down,100,28550.0,-50.0
STB,10:21:59,Buy Up,2300,28600.0,50.0
STB,10:21:57,Sell Down,300,28550.0,-50.0
STB,10:21:39,Buy Up,1000,28600.0,0.0
STB,10:21:30,Buy Up,1000,28600.0,0.0
STB,10:21:22,Buy Up,300,28600.0,0.0
STB,10:21:17,Buy Up,1300,28600.0,0.0
STB,10:21:01,Buy Up,800,28600.0,0.0
STB,10:21:01,Buy Up,1100,28600.0,0.0
STB,10:20:54,Buy Up,500,28600.0,0.0
STB,10:20:37,Buy Up,1200,28600.0,0.0
STB,10:20:36,Buy Up,1000,28600.0,50.0
STB,10:20:26,Sell Down,100,28550.0,-50.0
STB,10:20:26,Buy Up,100,28600.0,0.0
STB,10:20:21,Buy Up,1000,28600.0,50.0
STB,10:20:13,Sell Down,10000,28550.0,-50.0
STB,10:20:12,Buy Up,100,28600.0,0.0
STB,10:20:09,Buy Up,1000,28600.0,50.0
STB,10:20:07,Sell Down,2000,28550.0,-50.0
STB,10:20:06,Buy Up,500,28600.0,50.0
STB,10:20:05,Sell Down,1800,28550.0,0.0
STB,10:20:05,Sell Down,200,28550.0,-50.0
STB,10:19:56,Buy Up,1600,28600.0,0.0
STB,10:19:36,Buy Up,600,28600.0,0.0
STB,10:19:36,Buy Up,100,28600.0,0.0
STB,10:19:27,Buy Up,200,28600.0,0.0
STB,10:19:27,Buy Up,1000,28600.0,50.0
STB,10:19:18,Sell Down,800,28550.0,0.0
STB,10:19:18,Sell Down,100,28550.0,0.0
STB,10:19:18,Sell Down,500,28550.0,0.0
STB,10:19:18,Sell Down,500,28550.0,0.0
STB,10:19:18,Sell Down,1200,28550.0,-50.0
STB,10:19:14,Buy Up,1000,28600.0,0.0
STB,10:19:00,Buy Up,200,28600.0,0.0
STB,10:18:56,Buy Up,500,28600.0,0.0
STB,10:18:45,Buy Up,5700,28600.0,0.0
STB,10:18:45,Buy Up,4300,28600.0,0.0
STB,10:18:35,Buy Up,800,28600.0,0.0
STB,10:18:34,Buy Up,2600,28600.0,0.0
STB,10:18:33,Sell Down,2300,28600.0,0.0
STB,10:18:33,Sell Down,1000,28600.0,0.0
STB,10:18:32,Buy Up,10000,28600.0,0.0
STB,10:18:32,Buy Up,4700,28600.0,0.0
STB,10:18:27,Buy Up,1000,28600.0,0.0
STB,10:18:27,Buy Up,700,28600.0,0.0
STB,10:18:27,Buy Up,2000,28600.0,0.0
STB,10:18:27,Buy Up,300,28600.0,0.0
STB,10:18:18,Sell Down,300,28600.0,0.0
STB,10:18:11,Sell Down,400,28600.0,0.0
STB,10:18:11,Sell Down,200,28600.0,0.0
STB,10:18:11,Sell Down,500,28600.0,0.0
STB,10:18:11,Sell Down,10000,28600.0,0.0
STB,10:18:11,Sell Down,500,28600.0,0.0
STB,10:18:11,Sell Down,13800,28600.0,0.0
STB,10:18:11,Sell Down,1000,28600.0,0.0
STB,10:18:11,Sell Down,20000,28600.0,0.0
STB,10:18:11,Sell Down,300,28600.0,0.0
STB,10:18:11,Sell Down,100,28600.0,0.0
STB,10:18:11,Sell Down,3200,28600.0,0.0
STB,10:18:06,Sell Down,2000,28600.0,0.0
STB,10:18:03,Sell Down,4800,28600.0,0.0
STB,10:18:03,Sell Down,3000,28600.0,0.0
STB,10:18:03,Sell Down,100,28600.0,0.0
STB,10:18:03,Sell Down,5000,28600.0,0.0
STB,10:18:03,Sell Down,2000,28600.0,0.0
STB,10:18:03,Sell Down,5000,28600.0,0.0
STB,10:18:03,Sell Down,800,28600.0,0.0
STB,10:18:03,Sell Down,7800,28600.0,-50.0
STB,10:18:00,Buy Up,1000,28650.0,50.0
STB,10:17:50,Sell Down,8700,28600.0,-50.0
STB,10:17:48,Buy Up,100,28650.0,0.0
STB,10:17:47,Buy Up,1000,28650.0,50.0
STB,10:17:46,Sell Down,200,28600.0,-50.0
STB,10:17:42,Buy Up,1200,28650.0,0.0
STB,10:17:34,Buy Up,1200,28650.0,0.0
STB,10:17:19,Buy Up,100,28650.0,0.0
STB,10:17:19,Buy Up,900,28650.0,0.0
STB,10:17:07,Buy Up,1100,28650.0,50.0
STB,10:17:05,Sell Down,1000,28600.0,0.0
STB,10:17:05,Sell Down,3300,28600.0,0.0
STB,10:17:05,Sell Down,100,28600.0,0.0
STB,10:17:05,Sell Down,1000,28600.0,0.0
STB,10:17:05,Sell Down,200,28600.0,0.0
STB,10:17:05,Sell Down,1000,28600.0,0.0
STB,10:17:05,Sell Down,1200,28600.0,0.0
STB,10:17:05,Sell Down,900,28600.0,0.0
STB,10:17:04,Sell Down,2600,28600.0,0.0
STB,10:17:04,Sell Down,1000,28600.0,0.0
STB,10:17:04,Sell Down,1400,28600.0,0.0
STB,10:16:56,Sell Down,600,28600.0,0.0
STB,10:16:56,Sell Down,1000,28600.0,0.0
STB,10:16:56,Sell Down,300,28600.0,0.0
STB,10:16:56,Sell Down,600,28600.0,0.0
STB,10:16:56,Sell Down,900,28600.0,-50.0
STB,10:16:53,Buy Up,1100,28650.0,0.0
STB,10:16:38,Buy Up,1200,28650.0,0.0
STB,10:16:24,Buy Up,1600,28650.0,50.0
STB,10:16:16,Sell Down,100,28600.0,0.0
STB,10:16:08,Sell Down,1000,28600.0,0.0
STB,10:16:08,Sell Down,2100,28600.0,0.0
STB,10:16:04,Sell Down,1000,28600.0,-50.0
STB,10:15:50,Buy Up,300,28650.0,50.0
STB,10:15:38,Sell Down,800,28600.0,0.0
STB,10:15:34,Sell Down,300,28600.0,0.0
STB,10:15:33,Sell Down,500,28600.0,0.0
STB,10:15:25,Sell Down,3600,28600.0,0.0
STB,10:15:19,Sell Down,1700,28600.0,0.0
STB,10:15:19,Sell Down,200,28600.0,0.0
STB,10:15:19,Sell Down,27300,28600.0,-50.0
STB,10:15:13,Buy Up,1300,28650.0,50.0
STB,10:15:10,Sell Down,12700,28600.0,0.0
STB,10:15:10,Sell Down,4000,28600.0,0.0
STB,10:15:10,Sell Down,2000,28600.0,0.0
STB,10:15:10,Sell Down,300,28600.0,0.0
STB,10:15:10,Sell Down,2000,28600.0,0.0
STB,10:15:10,Sell Down,10000,28600.0,0.0
STB,10:15:10,Sell Down,500,28600.0,0.0
STB,10:15:10,Sell Down,7000,28600.0,0.0
STB,10:15:10,Sell Down,100,28600.0,0.0
STB,10:15:10,Sell Down,800,28600.0,0.0
STB,10:15:10,Sell Down,600,28600.0,-50.0
STB,10:15:06,Buy Up,200,28650.0,0.0
STB,10:15:06,Buy Up,1800,28650.0,0.0
STB,10:14:57,Buy Up,700,28650.0,0.0
STB,10:14:47,Buy Up,1200,28650.0,50.0
STB,10:14:41,Sell Down,1000,28600.0,-50.0
STB,10:14:32,Buy Up,1300,28650.0,0.0
STB,10:14:32,Buy Up,300,28650.0,50.0
STB,10:14:25,Sell Down,500,28600.0,0.0
STB,10:14:16,Sell Down,1000,28600.0,-50.0
STB,10:14:12,Buy Up,1000,28650.0,0.0
STB,10:13:59,Buy Up,1100,28650.0,50.0
STB,10:13:50,Sell Down,200,28600.0,0.0
STB,10:13:50,Sell Down,3100,28600.0,0.0
STB,10:13:50,Sell Down,5900,28600.0,0.0
STB,10:13:48,Sell Down,500,28600.0,-50.0
STB,10:13:45,Buy Up,100,28650.0,0.0
STB,10:13:45,Buy Up,300,28650.0,0.0
STB,10:13:45,Buy Up,500,28650.0,0.0
STB,10:13:45,Buy Up,100,28650.0,50.0
STB,10:13:45,Buy Up,500,28600.0,0.0
STB,10:13:45,Buy Up,5000,28600.0,0.0
STB,10:13:45,Buy Up,100,28600.0,0.0
STB,10:13:45,Buy Up,2500,28600.0,0.0
STB,10:13:45,Buy Up,500,28600.0,0.0
STB,10:13:45,Buy Up,3000,28600.0,0.0
STB,10:13:45,Buy Up,1500,28600.0,0.0
STB,10:13:45,Buy Up,10000,28600.0,0.0
STB,10:13:45,Buy Up,100,28600.0,0.0
STB,10:13:45,Buy Up,800,28600.0,0.0
STB,10:13:45,Buy Up,100,28600.0,0.0
STB,10:13:45,Buy Up,2000,28600.0,0.0
STB,10:13:45,Buy Up,3000,28600.0,0.0
STB,10:13:45,Buy Up,300,28600.0,0.0
STB,10:13:45,Buy Up,2000,28600.0,0.0
STB,10:13:45,Buy Up,3000,28600.0,0.0
STB,10:13:45,Buy Up,100,28600.0,0.0
STB,10:13:45,Buy Up,100,28600.0,0.0
STB,10:13:45,Buy Up,1000,28600.0,0.0
STB,10:13:45,Buy Up,3000,28600.0,0.0
STB,10:13:44,Buy Up,1900,28600.0,0.0
STB,10:13:38,Buy Up,500,28600.0,0.0
STB,10:13:38,Buy Up,5000,28600.0,0.0
STB,10:13:33,Buy Up,10000,28600.0,0.0
STB,10:13:32,Buy Up,1000,28600.0,0.0
STB,10:13:29,Buy Up,10800,28600.0,0.0
STB,10:13:29,Buy Up,1500,28600.0,0.0
STB,10:13:29,Buy Up,2000,28600.0,0.0
STB,10:13:29,Buy Up,1000,28600.0,0.0
STB,10:13:29,Buy Up,1200,28600.0,0.0
STB,10:13:29,Buy Up,3100,28600.0,0.0
STB,10:13:29,Buy Up,300,28600.0,0.0
STB,10:13:29,Buy Up,100,28600.0,0.0
STB,10:13:28,Buy Up,100,28600.0,50.0
STB,10:13:26,Sell Down,1100,28550.0,-50.0
STB,10:13:26,Buy Up,1000,28600.0,0.0
STB,10:13:20,Buy Up,100,28600.0,0.0
STB,10:13:20,Buy Up,300,28600.0,0.0
STB,10:13:20,Buy Up,400,28600.0,50.0
STB,10:13:15,Sell Down,100,28550.0,-50.0
STB,10:13:12,Buy Up,600,28600.0,0.0
STB,10:13:12,Buy Up,400,28600.0,50.0
STB,10:13:04,Sell Down,2600,28550.0,0.0
STB,10:13:04,Sell Down,500,28550.0,0.0
STB,10:13:04,Sell Down,600,28550.0,-50.0
STB,10:13:01,Buy Up,500,28600.0,0.0
STB,10:13:00,Buy Up,700,28600.0,50.0
STB,10:12:57,Sell Down,100,28550.0,-50.0
STB,10:12:51,Buy Up,700,28600.0,50.0
STB,10:12:42,Sell Down,100,28550.0,-50.0
STB,10:12:41,Buy Up,1000,28600.0,0.0
STB,10:12:38,Buy Up,300,28600.0,50.0
STB,10:12:36,Sell Down,200,28550.0,0.0
STB,10:12:36,Sell Down,200,28550.0,0.0
STB,10:12:36,Sell Down,100,28550.0,0.0
STB,10:12:36,Sell Down,100,28550.0,0.0
STB,10:12:36,Sell Down,400,28550.0,0.0
STB,10:12:36,Sell Down,200,28550.0,0.0
STB,10:12:36,Sell Down,3000,28550.0,0.0
STB,10:12:36,Sell Down,100,28550.0,0.0
STB,10:12:36,Sell Down,1000,28550.0,0.0
STB,10:12:36,Sell Down,100,28550.0,0.0
STB,10:12:36,Sell Down,200,28550.0,0.0
STB,10:12:36,Sell Down,500,28550.0,0.0
STB,10:12:36,Sell Down,5300,28550.0,0.0
STB,10:12:36,Sell Down,300,28550.0,0.0
STB,10:12:36,Sell Down,100,28550.0,0.0
STB,10:12:36,Sell Down,5000,28550.0,0.0
STB,10:12:36,Sell Down,500,28550.0,0.0
STB,10:12:36,Sell Down,200,28550.0,0.0
STB,10:12:36,Sell Down,100,28550.0,0.0
STB,10:12:36,Sell Down,2000,28550.0,0.0
STB,10:12:36,Sell Down,400,28550.0,-50.0
STB,10:12:30,Buy Up,1100,28600.0,0.0
STB,10:12:28,Buy Up,300,28600.0,0.0
STB,10:12:28,Buy Up,500,28600.0,50.0
STB,10:12:25,Sell Down,300,28550.0,-50.0
STB,10:12:25,Buy Up,500,28600.0,0.0
STB,10:12:20,Buy Up,1000,28600.0,0.0
STB,10:12:13,Buy Up,3000,28600.0,50.0
STB,10:12:11,Sell Down,400,28550.0,0.0
STB,10:12:11,Sell Down,3000,28550.0,-50.0
STB,10:12:06,Buy Up,800,28600.0,0.0
STB,10:12:00,Buy Up,100,28600.0,0.0
STB,10:11:56,Buy Up,900,28600.0,0.0
STB,10:11:45,Buy Up,700,28600.0,0.0
STB,10:11:43,Buy Up,100,28600.0,0.0
STB,10:11:42,Buy Up,2000,28600.0,0.0
STB,10:11:39,Buy Up,100,28600.0,50.0
STB,10:11:37,Sell Down,2000,28550.0,-50.0
STB,10:11:35,Buy Up,1000,28600.0,0.0
STB,10:11:26,Buy Up,1000,28600.0,50.0
STB,10:11:24,Sell Down,3200,28550.0,-50.0
STB,10:11:23,Buy Up,300,28600.0,0.0
STB,10:11:23,Buy Up,200,28600.0,0.0
STB,10:11:23,Buy Up,300,28600.0,0.0
STB,10:11:23,Buy Up,400,28600.0,50.0
STB,10:11:16,Sell Down,200,28550.0,-50.0
STB,10:11:08,Buy Up,500,28600.0,0.0
STB,10:11:08,Buy Up,400,28600.0,50.0
STB,10:11:05,Sell Down,500,28550.0,-50.0
STB,10:10:59,Buy Up,100,28600.0,0.0
STB,10:10:59,Buy Up,500,28600.0,0.0
STB,10:10:57,Buy Up,600,28600.0,0.0
STB,10:10:53,Buy Up,500,28600.0,0.0
STB,10:10:48,Buy Up,800,28600.0,0.0
STB,10:10:42,Buy Up,400,28600.0,0.0
STB,10:10:38,Buy Up,300,28600.0,0.0
STB,10:10:38,Buy Up,500,28600.0,0.0
STB,10:10:38,Buy Up,200,28600.0,0.0
STB,10:10:26,Buy Up,700,28600.0,0.0
STB,10:10:17,Buy Up,900,28600.0,0.0
STB,10:10:07,Buy Up,900,28600.0,0.0
STB,10:10:07,Buy Up,400,28600.0,0.0
STB,10:10:06,Buy Up,1300,28600.0,0.0
STB,10:10:06,Buy Up,2300,28600.0,0.0
STB,10:10:05,Buy Up,900,28600.0,0.0
STB,10:10:01,Buy Up,1800,28600.0,0.0
STB,10:10:01,Buy Up,1200,28600.0,0.0
STB,10:09:58,Buy Up,2000,28600.0,0.0
STB,10:09:54,Buy Up,700,28600.0,0.0
STB,10:09:52,Buy Up,400,28600.0,0.0
STB,10:09:48,Buy Up,500,28600.0,0.0
STB,10:09:48,Buy Up,200,28600.0,0.0
STB,10:09:45,Sell Down,200,28600.0,0.0
STB,10:09:45,Sell Down,500,28600.0,0.0
STB,10:09:45,Sell Down,400,28600.0,0.0
STB,10:09:45,Sell Down,2400,28600.0,0.0
STB,10:09:45,Sell Down,100,28600.0,-50.0
STB,10:09:45,Buy Up,100,28650.0,0.0
STB,10:09:45,Buy Up,900,28650.0,0.0
STB,10:09:32,Buy Up,400,28650.0,0.0
STB,10:09:32,Buy Up,200,28650.0,0.0
STB,10:09:32,Buy Up,400,28650.0,50.0
STB,10:09:25,Sell Down,1500,28600.0,0.0
STB,10:09:24,Sell Down,3000,28600.0,0.0
STB,10:09:24,Sell Down,900,28600.0,0.0
STB,10:09:24,Sell Down,1100,28600.0,0.0
STB,10:09:22,Sell Down,200,28600.0,0.0
STB,10:09:20,Sell Down,3700,28600.0,0.0
STB,10:09:20,Sell Down,6300,28600.0,-50.0
STB,10:09:19,Buy Up,1100,28650.0,50.0
STB,10:09:16,Sell Down,3700,28600.0,0.0
STB,10:09:16,Sell Down,200,28600.0,0.0
STB,10:09:16,Sell Down,700,28600.0,0.0
STB,10:09:16,Sell Down,400,28600.0,-50.0
STB,10:09:13,Buy Up,700,28650.0,50.0
STB,10:09:06,Sell Down,1500,28600.0,-50.0
STB,10:09:05,Buy Up,1700,28650.0,50.0
STB,10:09:04,Sell Down,100,28600.0,0.0
STB,10:09:02,Sell Down,100,28600.0,0.0
STB,10:08:57,Sell Down,2900,28600.0,0.0
STB,10:08:57,Sell Down,200,28600.0,0.0
STB,10:08:55,Sell Down,500,28600.0,0.0
STB,10:08:55,Sell Down,2600,28600.0,0.0
STB,10:08:55,Sell Down,200,28600.0,0.0
STB,10:08:55,Sell Down,2500,28600.0,0.0
STB,10:08:55,Sell Down,1100,28600.0,0.0
STB,10:08:55,Sell Down,13100,28600.0,0.0
STB,10:08:51,Sell Down,10000,28600.0,0.0
STB,10:08:49,Sell Down,1200,28600.0,-50.0
STB,10:08:43,Buy Up,1000,28650.0,50.0
STB,10:08:37,Sell Down,2900,28600.0,0.0
STB,10:08:32,Sell Down,100,28600.0,-50.0
STB,10:08:31,Buy Up,1200,28650.0,0.0
STB,10:08:30,Buy Up,100,28650.0,50.0
STB,10:08:26,Sell Down,3100,28600.0,0.0
STB,10:08:26,Sell Down,200,28600.0,0.0
STB,10:08:22,Sell Down,500,28600.0,0.0
STB,10:08:22,Sell Down,2400,28600.0,0.0
STB,10:08:14,Sell Down,400,28600.0,0.0
STB,10:08:14,Sell Down,3700,28600.0,-50.0
STB,10:07:55,Buy Up,900,28650.0,50.0
STB,10:07:47,Sell Down,30000,28600.0,-50.0
STB,10:07:44,Buy Up,700,28650.0,50.0
STB,10:07:44,Sell Down,1800,28600.0,0.0
STB,10:07:41,Buy Up,2000,28600.0,0.0
STB,10:07:41,Buy Up,3600,28600.0,0.0
STB,10:07:41,Buy Up,100,28600.0,0.0
STB,10:07:41,Buy Up,4900,28600.0,0.0
STB,10:07:35,Buy Up,1000,28600.0,50.0
STB,10:07:34,Sell Down,1100,28550.0,0.0
STB,10:07:34,Sell Down,2000,28550.0,-50.0
STB,10:07:30,Buy Up,500,28600.0,0.0
STB,10:07:30,Buy Up,2000,28600.0,0.0
STB,10:07:30,Buy Up,400,28600.0,0.0
STB,10:07:30,Buy Up,200,28600.0,0.0
STB,10:07:30,Buy Up,1000,28600.0,0.0
STB,10:07:30,Buy Up,3000,28600.0,0.0
STB,10:07:30,Buy Up,10000,28600.0,0.0
STB,10:07:30,Buy Up,3000,28600.0,0.0
STB,10:07:30,Buy Up,1000,28600.0,0.0
STB,10:07:30,Buy Up,10000,28600.0,0.0
STB,10:07:30,Buy Up,2000,28600.0,0.0
STB,10:07:30,Buy Up,1000,28600.0,0.0
STB,10:07:30,Buy Up,100,28600.0,0.0
STB,10:07:30,Buy Up,1000,28600.0,0.0
STB,10:07:30,Buy Up,1200,28600.0,0.0
STB,10:07:30,Buy Up,1000,28600.0,0.0
STB,10:07:30,Buy Up,100,28600.0,0.0
STB,10:07:30,Buy Up,900,28600.0,0.0
STB,10:07:30,Buy Up,1100,28600.0,0.0
STB,10:07:30,Buy Up,1000,28600.0,0.0
STB,10:07:30,Buy Up,500,28600.0,0.0
STB,10:07:30,Buy Up,300,28600.0,0.0
STB,10:07:30,Buy Up,200,28600.0,0.0
STB,10:07:30,Buy Up,12600,28600.0,-50.0
STB,10:07:22,Buy Up,1300,28650.0,50.0
STB,10:07:21,Sell Down,10800,28600.0,0.0
STB,10:07:19,Sell Down,3200,28600.0,0.0
STB,10:07:13,Sell Down,500,28600.0,-50.0
STB,10:07:08,Buy Up,400,28650.0,50.0
STB,10:07:07,Sell Down,1200,28600.0,-50.0
STB,10:07:06,Buy Up,1200,28650.0,0.0
STB,10:07:03,Buy Up,2000,28650.0,0.0
STB,10:06:59,Buy Up,100,28650.0,0.0
STB,10:06:51,Buy Up,1200,28650.0,0.0
STB,10:06:35,Buy Up,1200,28650.0,50.0
STB,10:06:34,Sell Down,1700,28600.0,0.0
STB,10:06:34,Sell Down,1500,28600.0,-50.0
STB,10:06:24,Buy Up,200,28650.0,50.0
STB,10:06:23,Sell Down,100,28600.0,0.0
STB,10:06:23,Sell Down,2000,28600.0,0.0
STB,10:06:23,Sell Down,500,28600.0,0.0
STB,10:06:23,Sell Down,200,28600.0,0.0
STB,10:06:23,Sell Down,200,28600.0,0.0
STB,10:06:23,Sell Down,500,28600.0,0.0
STB,10:06:23,Sell Down,200,28600.0,0.0
STB,10:06:23,Sell Down,200,28600.0,0.0
STB,10:06:23,Sell Down,1000,28600.0,0.0
STB,10:06:21,Sell Down,2500,28600.0,0.0
STB,10:06:21,Sell Down,600,28600.0,-50.0
STB,10:06:19,Buy Up,2400,28650.0,50.0
STB,10:06:19,Sell Down,600,28600.0,0.0
STB,10:06:19,Sell Down,400,28600.0,0.0
STB,10:06:19,Sell Down,1400,28600.0,0.0
STB,10:06:19,Sell Down,500,28600.0,0.0
STB,10:06:19,Sell Down,100,28600.0,0.0
STB,10:06:07,Sell Down,1000,28600.0,0.0
STB,10:06:04,Sell Down,900,28600.0,0.0
STB,10:06:04,Sell Down,100,28600.0,0.0
STB,10:05:59,Sell Down,300,28600.0,0.0
STB,10:05:52,Sell Down,200,28600.0,0.0
STB,10:05:52,Sell Down,100,28600.0,0.0
STB,10:05:52,Sell Down,200,28600.0,0.0
STB,10:05:52,Sell Down,500,28600.0,0.0
STB,10:05:51,Sell Down,500,28600.0,0.0
STB,10:05:51,Sell Down,300,28600.0,0.0
STB,10:05:51,Sell Down,100,28600.0,0.0
STB,10:05:51,Sell Down,2100,28600.0,0.0
STB,10:05:51,Sell Down,300,28600.0,0.0
STB,10:05:50,Sell Down,1100,28600.0,0.0
STB,10:05:50,Sell Down,500,28600.0,0.0
STB,10:05:50,Sell Down,1600,28600.0,-50.0
STB,10:05:49,Buy Up,2400,28650.0,50.0
STB,10:05:35,Sell Down,500,28600.0,0.0
STB,10:05:32,Sell Down,3100,28600.0,-50.0
STB,10:05:28,Buy Up,2000,28650.0,0.0
STB,10:05:17,Buy Up,800,28650.0,50.0
STB,10:05:15,Sell Down,4800,28600.0,0.0
STB,10:05:15,Sell Down,100,28600.0,0.0
STB,10:05:15,Sell Down,100,28600.0,-50.0
STB,10:05:10,Buy Up,40000,28650.0,50.0
STB,10:05:05,Sell Down,900,28600.0,0.0
STB,10:05:05,Sell Down,2900,28600.0,0.0
STB,10:05:03,Sell Down,300,28600.0,0.0
STB,10:05:02,Sell Down,1800,28600.0,0.0
STB,10:05:02,Sell Down,400,28600.0,0.0
STB,10:05:02,Sell Down,900,28600.0,0.0
STB,10:04:54,Sell Down,100,28600.0,0.0
STB,10:04:54,Sell Down,1000,28600.0,0.0
STB,10:04:54,Sell Down,1000,28600.0,0.0
STB,10:04:54,Sell Down,500,28600.0,0.0
STB,10:04:54,Sell Down,28700,28600.0,0.0
STB,10:04:54,Sell Down,100,28600.0,0.0
STB,10:04:54,Sell Down,500,28600.0,0.0
STB,10:04:54,Sell Down,100,28600.0,0.0
STB,10:04:54,Sell Down,29900,28600.0,0.0
STB,10:04:54,Sell Down,2000,28600.0,0.0
STB,10:04:54,Sell Down,2000,28600.0,0.0
STB,10:04:54,Sell Down,500,28600.0,0.0
STB,10:04:54,Sell Down,300,28600.0,0.0
STB,10:04:54,Sell Down,1500,28600.0,0.0
STB,10:04:54,Sell Down,1000,28600.0,0.0
STB,10:04:54,Sell Down,2300,28600.0,0.0
STB,10:04:54,Sell Down,100,28600.0,0.0
STB,10:04:54,Sell Down,200,28600.0,0.0
STB,10:04:54,Sell Down,1000,28600.0,0.0
STB,10:04:54,Sell Down,1000,28600.0,0.0
STB,10:04:54,Sell Down,100,28600.0,0.0
STB,10:04:54,Sell Down,300,28600.0,0.0
STB,10:04:54,Sell Down,1000,28600.0,0.0
STB,10:04:54,Sell Down,100,28600.0,0.0
STB,10:04:54,Sell Down,2000,28600.0,0.0
STB,10:04:54,Sell Down,1000,28600.0,0.0
STB,10:04:54,Sell Down,4000,28600.0,0.0
STB,10:04:54,Sell Down,100,28600.0,0.0
STB,10:04:54,Sell Down,200,28600.0,0.0
STB,10:04:54,Sell Down,26700,28600.0,0.0
STB,10:04:54,Sell Down,2000,28600.0,0.0
STB,10:04:54,Sell Down,2000,28600.0,0.0
STB,10:04:54,Sell Down,2000,28600.0,0.0
STB,10:04:54,Sell Down,100,28600.0,0.0
STB,10:04:54,Sell Down,200,28600.0,0.0
STB,10:04:54,Sell Down,1000,28600.0,0.0
STB,10:04:54,Sell Down,500,28600.0,0.0
STB,10:04:54,Sell Down,2000,28600.0,0.0
STB,10:04:54,Sell Down,500,28600.0,0.0
STB,10:04:54,Sell Down,200,28600.0,0.0
STB,10:04:54,Sell Down,2400,28600.0,0.0
STB,10:04:54,Sell Down,10000,28600.0,0.0
STB,10:04:54,Sell Down,100,28600.0,0.0
STB,10:04:54,Sell Down,300,28600.0,0.0
STB,10:04:54,Sell Down,500,28600.0,0.0
STB,10:04:54,Sell Down,3000,28600.0,0.0
STB,10:04:54,Sell Down,2000,28600.0,0.0
STB,10:04:54,Sell Down,8000,28600.0,0.0
STB,10:04:54,Sell Down,22100,28600.0,-50.0
STB,10:04:48,Buy Up,3000,28650.0,50.0
STB,10:04:31,Sell Down,100,28600.0,0.0
STB,10:04:22,Sell Down,1500,28600.0,-50.0
STB,10:04:22,Buy Up,300,28650.0,0.0
STB,10:04:21,Buy Up,1700,28650.0,0.0
STB,10:04:21,Buy Up,22000,28650.0,0.0
STB,10:04:13,Sell Down,200,28650.0,0.0
STB,10:04:12,Sell Down,27800,28650.0,0.0
STB,10:04:12,Sell Down,300,28650.0,0.0
STB,10:04:12,Sell Down,1000,28650.0,0.0
STB,10:04:12,Sell Down,1200,28650.0,0.0
STB,10:04:12,Sell Down,400,28650.0,0.0
STB,10:04:12,Sell Down,1700,28650.0,0.0
STB,10:04:12,Sell Down,2000,28650.0,0.0
STB,10:04:12,Sell Down,1300,28650.0,0.0
STB,10:04:12,Sell Down,1200,28650.0,0.0
STB,10:04:12,Sell Down,100,28650.0,0.0
STB,10:04:12,Sell Down,1000,28650.0,0.0
STB,10:04:12,Sell Down,10700,28650.0,0.0
STB,10:04:12,Sell Down,3000,28650.0,0.0
STB,10:04:11,Sell Down,20000,28650.0,0.0
STB,10:04:11,Sell Down,5000,28650.0,0.0
STB,10:04:11,Sell Down,500,28650.0,0.0
STB,10:04:10,Sell Down,600,28650.0,0.0
STB,10:04:10,Sell Down,3200,28650.0,0.0
STB,10:04:04,Sell Down,7000,28650.0,0.0
STB,10:04:04,Sell Down,3000,28650.0,0.0
STB,10:04:00,Sell Down,7000,28650.0,0.0
STB,10:04:00,Sell Down,800,28650.0,0.0
STB,10:04:00,Sell Down,500,28650.0,0.0
STB,10:04:00,Sell Down,1000,28650.0,0.0
STB,10:03:59,Sell Down,300,28650.0,0.0
STB,10:03:59,Sell Down,300,28650.0,0.0
STB,10:03:59,Sell Down,2400,28650.0,0.0
STB,10:03:59,Sell Down,100,28650.0,0.0
STB,10:03:59,Sell Down,200,28650.0,0.0
STB,10:03:59,Sell Down,100,28650.0,0.0
STB,10:03:59,Sell Down,200,28650.0,0.0
STB,10:03:58,Sell Down,1800,28650.0,0.0
STB,10:03:58,Sell Down,7500,28650.0,0.0
STB,10:03:58,Sell Down,100,28650.0,0.0
STB,10:03:58,Sell Down,600,28650.0,0.0
STB,10:03:58,Sell Down,1000,28650.0,0.0
STB,10:03:58,Sell Down,1000,28650.0,0.0
STB,10:03:56,Sell Down,400,28650.0,0.0
STB,10:03:56,Sell Down,200,28650.0,0.0
STB,10:03:56,Sell Down,400,28650.0,0.0
STB,10:03:56,Sell Down,600,28650.0,0.0
STB,10:03:56,Sell Down,100,28650.0,0.0
STB,10:03:56,Sell Down,300,28650.0,0.0
STB,10:03:56,Sell Down,500,28650.0,0.0
STB,10:03:54,Sell Down,500,28650.0,0.0
STB,10:03:54,Sell Down,100,28650.0,0.0
STB,10:03:54,Sell Down,2000,28650.0,0.0
STB,10:03:54,Sell Down,1400,28650.0,0.0
STB,10:03:54,Sell Down,100,28650.0,0.0
STB,10:03:54,Sell Down,2900,28650.0,0.0
STB,10:03:53,Sell Down,100,28650.0,-50.0
STB,10:03:51,Buy Up,1200,28700.0,50.0
STB,10:03:51,Sell Down,1200,28650.0,0.0
STB,10:03:48,Sell Down,100,28650.0,0.0
STB,10:03:48,Sell Down,4000,28650.0,0.0
STB,10:03:47,Sell Down,3800,28650.0,0.0
STB,10:03:44,Sell Down,10000,28650.0,0.0
STB,10:03:41,Sell Down,100,28650.0,0.0
STB,10:03:28,Sell Down,500,28650.0,0.0
STB,10:03:28,Sell Down,14800,28650.0,0.0
STB,10:03:28,Sell Down,100,28650.0,0.0
STB,10:03:28,Sell Down,500,28650.0,0.0
STB,10:03:28,Sell Down,1000,28650.0,0.0
STB,10:03:28,Sell Down,500,28650.0,0.0
STB,10:03:28,Sell Down,200,28650.0,0.0
STB,10:03:28,Sell Down,1000,28650.0,0.0
STB,10:03:28,Sell Down,1400,28650.0,0.0
STB,10:03:28,Sell Down,500,28650.0,0.0
STB,10:03:25,Sell Down,3100,28650.0,0.0
STB,10:03:16,Sell Down,1000,28650.0,0.0
STB,10:03:15,Sell Down,2000,28650.0,0.0
STB,10:03:15,Sell Down,2000,28650.0,0.0
STB,10:03:15,Sell Down,6000,28650.0,-50.0
STB,10:03:03,Buy Up,2000,28700.0,50.0
STB,10:03:03,Sell Down,1200,28650.0,0.0
STB,10:03:02,Sell Down,100,28650.0,0.0
STB,10:03:02,Sell Down,800,28650.0,0.0
STB,10:03:02,Sell Down,100,28650.0,0.0
STB,10:03:02,Sell Down,1000,28650.0,0.0
STB,10:03:02,Sell Down,200,28650.0,0.0
STB,10:03:02,Sell Down,500,28650.0,0.0
STB,10:03:02,Sell Down,200,28650.0,0.0
STB,10:03:02,Sell Down,5100,28650.0,0.0
STB,10:02:56,Sell Down,10000,28650.0,0.0
STB,10:02:51,Sell Down,500,28650.0,0.0
STB,10:02:49,Sell Down,1500,28650.0,0.0
STB,10:02:47,Sell Down,1000,28650.0,0.0
STB,10:02:44,Sell Down,3000,28650.0,0.0
STB,10:02:42,Sell Down,3000,28650.0,0.0
STB,10:02:42,Sell Down,100,28650.0,0.0
STB,10:02:42,Sell Down,1500,28650.0,0.0
STB,10:02:41,Sell Down,3200,28650.0,0.0
STB,10:02:41,Sell Down,700,28650.0,0.0
STB,10:02:40,Sell Down,300,28650.0,0.0
STB,10:02:36,Sell Down,1500,28650.0,0.0
STB,10:02:36,Sell Down,500,28650.0,0.0
STB,10:02:35,Sell Down,6300,28650.0,0.0
STB,10:02:35,Sell Down,1000,28650.0,0.0
STB,10:02:34,Sell Down,1000,28650.0,-50.0
STB,10:02:34,Buy Up,900,28700.0,50.0
STB,10:02:33,Sell Down,1500,28650.0,0.0
STB,10:02:29,Sell Down,500,28650.0,0.0
STB,10:02:26,Sell Down,1500,28650.0,0.0
STB,10:02:23,Sell Down,400,28650.0,0.0
STB,10:02:21,Sell Down,1500,28650.0,0.0
STB,10:02:20,Sell Down,5000,28650.0,0.0
STB,10:02:18,Sell Down,5000,28650.0,0.0
STB,10:02:15,Sell Down,20000,28650.0,-50.0
STB,10:02:12,Buy Up,800,28700.0,50.0
STB,10:02:06,Sell Down,1000,28650.0,0.0
STB,10:02:04,Sell Down,500,28650.0,0.0
STB,10:02:04,Sell Down,500,28650.0,-50.0
STB,10:02:01,Buy Up,900,28700.0,50.0
STB,10:01:56,Sell Down,3300,28650.0,0.0
STB,10:01:54,Sell Down,5000,28650.0,-50.0
STB,10:01:50,Buy Up,800,28700.0,50.0
STB,10:01:40,Sell Down,100,28650.0,-50.0
STB,10:01:40,Buy Up,1000,28700.0,50.0
STB,10:01:38,Sell Down,3200,28650.0,0.0
STB,10:01:27,Sell Down,5000,28650.0,-50.0
STB,10:01:27,Buy Up,800,28700.0,50.0
STB,10:01:19,Sell Down,10000,28650.0,-50.0
STB,10:01:16,Buy Up,800,28700.0,50.0
STB,10:01:14,Sell Down,5000,28650.0,0.0
STB,10:01:11,Sell Down,1500,28650.0,0.0
STB,10:01:11,Sell Down,300,28650.0,0.0
STB,10:01:10,Sell Down,3200,28650.0,0.0
STB,10:01:09,Sell Down,2000,28650.0,-50.0
STB,10:01:06,Buy Up,1000,28700.0,50.0
STB,10:01:04,Sell Down,1500,28650.0,0.0
STB,10:00:59,Sell Down,5000,28650.0,0.0
STB,10:00:58,Sell Down,500,28650.0,-50.0
STB,10:00:54,Buy Up,700,28700.0,50.0
STB,10:00:46,Sell Down,1000,28650.0,0.0
STB,10:00:45,Sell Down,5100,28650.0,-50.0
STB,10:00:45,Buy Up,700,28700.0,50.0
STB,10:00:37,Sell Down,1700,28650.0,-50.0
STB,10:00:36,Buy Up,2000,28700.0,0.0
STB,10:00:36,Buy Up,800,28700.0,50.0
STB,10:00:35,Sell Down,5000,28650.0,0.0
STB,10:00:31,Sell Down,7000,28650.0,0.0
STB,10:00:29,Sell Down,1000,28650.0,-50.0
STB,10:00:26,Buy Up,900,28700.0,50.0
STB,10:00:25,Sell Down,3000,28650.0,0.0
STB,10:00:25,Sell Down,200,28650.0,0.0
STB,10:00:25,Sell Down,46800,28650.0,0.0
STB,10:00:24,Sell Down,3200,28650.0,0.0
STB,10:00:24,Sell Down,100,28650.0,-50.0
STB,10:00:21,Buy Up,1000,28700.0,50.0
STB,10:00:20,Sell Down,900,28650.0,0.0
STB,10:00:20,Sell Down,100,28650.0,0.0
STB,10:00:18,Sell Down,100,28650.0,0.0
STB,10:00:18,Sell Down,700,28650.0,-50.0
STB,10:00:15,Buy Up,1000,28700.0,50.0
STB,10:00:15,Sell Down,10000,28650.0,0.0
STB,10:00:11,Sell Down,500,28650.0,0.0
STB,10:00:06,Sell Down,400,28650.0,-50.0
STB,10:00:02,Buy Up,800,28700.0,50.0
STB,09:59:54,Sell Down,100,28650.0,0.0
STB,09:59:53,Sell Down,100,28650.0,-50.0
STB,09:59:52,Buy Up,900,28700.0,50.0
STB,09:59:47,Sell Down,400,28650.0,0.0
STB,09:59:46,Sell Down,1500,28650.0,0.0
STB,09:59:44,Sell Down,8100,28650.0,0.0
STB,09:59:44,Sell Down,1500,28650.0,0.0
STB,09:59:44,Sell Down,300,28650.0,0.0
STB,09:59:44,Sell Down,4700,28650.0,-50.0
STB,09:59:41,Buy Up,1000,28700.0,50.0
STB,09:59:39,Sell Down,1000,28650.0,0.0
STB,09:59:38,Sell Down,800,28650.0,0.0
STB,09:59:37,Sell Down,500,28650.0,0.0
STB,09:59:37,Sell Down,2000,28650.0,0.0
STB,09:59:37,Sell Down,100,28650.0,0.0
STB,09:59:37,Sell Down,800,28650.0,0.0
STB,09:59:30,Sell Down,1200,28650.0,0.0
STB,09:59:30,Sell Down,100,28650.0,0.0
STB,09:59:30,Sell Down,1700,28650.0,-50.0
STB,09:59:28,Buy Up,600,28700.0,0.0
STB,09:59:19,Buy Up,700,28700.0,50.0
STB,09:59:19,Sell Down,5000,28650.0,-50.0
STB,09:59:10,Buy Up,900,28700.0,50.0
STB,09:59:07,Sell Down,1500,28650.0,-50.0
STB,09:59:07,Buy Up,1000,28700.0,0.0
STB,09:59:04,Buy Up,2000,28700.0,0.0
STB,09:58:59,Buy Up,800,28700.0,50.0
STB,09:58:52,Sell Down,8000,28650.0,-50.0
STB,09:58:49,Buy Up,700,28700.0,50.0
STB,09:58:48,Sell Down,3100,28650.0,0.0
STB,09:58:43,Sell Down,100,28650.0,0.0
STB,09:58:34,Sell Down,1000,28650.0,0.0
STB,09:58:34,Sell Down,100,28650.0,0.0
STB,09:58:18,Sell Down,2000,28650.0,-50.0
STB,09:58:13,Buy Up,22400,28700.0,50.0
STB,09:58:07,Sell Down,3000,28650.0,0.0
STB,09:58:06,Sell Down,3200,28650.0,-50.0
STB,09:58:04,Buy Up,200,28700.0,0.0
STB,09:58:03,Buy Up,1000,28700.0,0.0
STB,09:57:56,Buy Up,300,28700.0,0.0
STB,09:57:53,Buy Up,100,28700.0,0.0
STB,09:57:45,Buy Up,5000,28700.0,50.0
STB,09:57:39,Sell Down,1000,28650.0,-50.0
STB,09:57:39,Sell Down,1000,28650.0,-50.0
STB,09:57:37,Buy Up,2000,28700.0,50.0
STB,09:57:35,Sell Down,1500,28650.0,-50.0
STB,09:57:29,Buy Up,5000,28700.0,0.0
STB,09:57:29,Buy Up,3000,28700.0,50.0
STB,09:57:27,Sell Down,1500,28650.0,0.0
STB,09:57:25,Sell Down,1000,28650.0,0.0
STB,09:57:25,Sell Down,1300,28650.0,0.0
STB,09:57:25,Sell Down,200,28650.0,0.0
STB,09:57:20,Sell Down,3300,28650.0,0.0
STB,09:57:17,Sell Down,1500,28650.0,0.0
STB,09:57:13,Sell Down,1500,28650.0,0.0
STB,09:57:08,Sell Down,1500,28650.0,0.0
STB,09:57:03,Sell Down,1500,28650.0,0.0
STB,09:57:00,Sell Down,500,28650.0,0.0
STB,09:57:00,Sell Down,500,28650.0,0.0
STB,09:57:00,Sell Down,300,28650.0,0.0
STB,09:57:00,Sell Down,4000,28650.0,0.0
STB,09:57:00,Sell Down,3400,28650.0,0.0
STB,09:56:57,Sell Down,1500,28650.0,0.0
STB,09:56:52,Sell Down,1500,28650.0,-50.0
STB,09:56:50,Buy Up,1000,28700.0,0.0
STB,09:56:47,Sell Down,400,28700.0,0.0
STB,09:56:47,Sell Down,5100,28700.0,0.0
STB,09:56:47,Sell Down,7000,28700.0,0.0
STB,09:56:47,Sell Down,2500,28700.0,0.0
STB,09:56:47,Sell Down,2700,28700.0,0.0
STB,09:56:47,Sell Down,600,28700.0,0.0
STB,09:56:47,Sell Down,1000,28700.0,0.0
STB,09:56:47,Sell Down,26800,28700.0,0.0
STB,09:56:47,Sell Down,80000,28700.0,0.0
STB,09:56:47,Sell Down,2500,28700.0,0.0
STB,09:56:47,Sell Down,17000,28700.0,0.0
STB,09:56:47,Sell Down,19500,28700.0,0.0
STB,09:56:45,Sell Down,1000,28700.0,0.0
STB,09:56:44,Sell Down,3000,28700.0,0.0
STB,09:56:43,Sell Down,1500,28700.0,0.0
STB,09:56:41,Sell Down,5000,28700.0,0.0
STB,09:56:41,Sell Down,4000,28700.0,0.0
STB,09:56:41,Sell Down,2000,28700.0,0.0
STB,09:56:41,Sell Down,2700,28700.0,0.0
STB,09:56:37,Sell Down,5000,28700.0,0.0
STB,09:56:37,Sell Down,5000,28700.0,0.0
STB,09:56:36,Sell Down,1500,28700.0,0.0
STB,09:56:34,Sell Down,3200,28700.0,0.0
STB,09:56:33,Sell Down,8700,28700.0,0.0
STB,09:56:33,Sell Down,3900,28700.0,0.0
STB,09:56:33,Sell Down,46100,28700.0,0.0
STB,09:56:31,Sell Down,1000,28700.0,0.0
STB,09:56:31,Sell Down,2000,28700.0,0.0
STB,09:56:31,Sell Down,900,28700.0,0.0
STB,09:56:31,Sell Down,100,28700.0,0.0
STB,09:56:31,Sell Down,500,28700.0,0.0
STB,09:56:30,Sell Down,3500,28700.0,0.0
STB,09:56:30,Sell Down,100,28700.0,0.0
STB,09:56:30,Sell Down,1400,28700.0,0.0
STB,09:56:29,Sell Down,500,28700.0,0.0
STB,09:56:26,Sell Down,100,28700.0,0.0
STB,09:56:26,Sell Down,100,28700.0,0.0
STB,09:56:26,Sell Down,700,28700.0,0.0
STB,09:56:26,Sell Down,600,28700.0,0.0
STB,09:56:23,Sell Down,6200,28700.0,0.0
STB,09:56:23,Sell Down,300,28700.0,0.0
STB,09:56:23,Sell Down,100,28700.0,0.0
STB,09:56:23,Sell Down,500,28700.0,0.0
STB,09:56:23,Sell Down,1600,28700.0,0.0
STB,09:56:21,Sell Down,1400,28700.0,0.0
STB,09:56:21,Sell Down,100,28700.0,0.0
STB,09:56:19,Sell Down,400,28700.0,0.0
STB,09:56:17,Sell Down,1000,28700.0,0.0
STB,09:56:17,Sell Down,2100,28700.0,0.0
STB,09:56:16,Sell Down,900,28700.0,0.0
STB,09:56:16,Sell Down,800,28700.0,0.0
STB,09:56:16,Sell Down,1000,28700.0,0.0
STB,09:56:16,Sell Down,8200,28700.0,0.0
STB,09:56:16,Sell Down,500,28700.0,0.0
STB,09:56:15,Sell Down,1500,28700.0,0.0
STB,09:56:15,Sell Down,400,28700.0,-50.0
STB,09:56:15,Buy Up,6500,28750.0,0.0
STB,09:56:15,Buy Up,500,28750.0,0.0
STB,09:56:15,Buy Up,3000,28750.0,50.0
STB,09:56:15,Sell Down,800,28700.0,0.0
STB,09:56:06,Sell Down,300,28700.0,0.0
STB,09:56:00,Sell Down,100,28700.0,0.0
STB,09:55:54,Sell Down,3000,28700.0,0.0
STB,09:55:50,Sell Down,100,28700.0,0.0
STB,09:55:49,Sell Down,200,28700.0,0.0
STB,09:55:48,Sell Down,500,28700.0,0.0
STB,09:55:36,Sell Down,10000,28700.0,0.0
STB,09:55:35,Sell Down,2000,28700.0,0.0
STB,09:55:33,Sell Down,1000,28700.0,0.0
STB,09:55:31,Sell Down,2100,28700.0,0.0
STB,09:55:27,Sell Down,1000,28700.0,0.0
STB,09:55:26,Sell Down,1500,28700.0,0.0
STB,09:55:18,Sell Down,24000,28700.0,0.0
STB,09:55:17,Sell Down,5000,28700.0,0.0
STB,09:55:17,Sell Down,2000,28700.0,0.0
STB,09:55:17,Sell Down,1000,28700.0,0.0
STB,09:55:17,Sell Down,100,28700.0,0.0
STB,09:55:17,Sell Down,3000,28700.0,0.0
STB,09:55:17,Sell Down,3000,28700.0,0.0
STB,09:55:17,Sell Down,300,28700.0,0.0
STB,09:55:17,Sell Down,1000,28700.0,0.0
STB,09:55:17,Sell Down,200,28700.0,0.0
STB,09:55:17,Sell Down,500,28700.0,0.0
STB,09:55:17,Sell Down,100,28700.0,0.0
STB,09:55:17,Sell Down,5200,28700.0,0.0
STB,09:55:17,Sell Down,100,28700.0,0.0
STB,09:55:17,Sell Down,100,28700.0,0.0
STB,09:55:17,Sell Down,10000,28700.0,0.0
STB,09:55:17,Sell Down,6200,28700.0,0.0
STB,09:55:17,Sell Down,100,28700.0,0.0
STB,09:55:17,Sell Down,100,28700.0,0.0
STB,09:55:17,Sell Down,500,28700.0,0.0
STB,09:55:17,Sell Down,200,28700.0,0.0
STB,09:55:17,Sell Down,600,28700.0,0.0
STB,09:55:17,Sell Down,100,28700.0,0.0
STB,09:55:17,Sell Down,500,28700.0,0.0
STB,09:55:17,Sell Down,400,28700.0,0.0
STB,09:55:17,Sell Down,300,28700.0,0.0
STB,09:55:17,Sell Down,100,28700.0,0.0
STB,09:55:17,Sell Down,800,28700.0,0.0
STB,09:55:17,Sell Down,1300,28700.0,0.0
STB,09:55:13,Buy Up,4900,28700.0,0.0
STB,09:55:13,Buy Up,100,28700.0,0.0
STB,09:55:13,Buy Up,10000,28700.0,0.0
STB,09:55:13,Buy Up,2000,28700.0,0.0
STB,09:55:13,Buy Up,300,28700.0,0.0
STB,09:55:13,Buy Up,100,28700.0,0.0
STB,09:55:13,Buy Up,2000,28700.0,0.0
STB,09:55:13,Buy Up,400,28700.0,0.0
STB,09:55:13,Buy Up,100,28700.0,0.0
STB,09:55:13,Buy Up,2000,28700.0,0.0
STB,09:55:13,Buy Up,200,28700.0,0.0
STB,09:55:13,Buy Up,5000,28700.0,0.0
STB,09:55:13,Buy Up,5000,28700.0,0.0
STB,09:55:13,Buy Up,6200,28700.0,0.0
STB,09:55:13,Buy Up,1500,28700.0,0.0
STB,09:55:13,Buy Up,3100,28700.0,0.0
STB,09:55:13,Buy Up,200,28700.0,0.0
STB,09:55:12,Buy Up,100,28700.0,0.0
STB,09:55:12,Buy Up,2500,28700.0,0.0
STB,09:55:12,Buy Up,200,28700.0,0.0
STB,09:55:12,Buy Up,3700,28700.0,0.0
STB,09:55:12,Buy Up,500,28700.0,0.0
STB,09:55:12,Buy Up,100,28700.0,0.0
STB,09:55:12,Buy Up,20000,28700.0,0.0
STB,09:55:12,Buy Up,6200,28700.0,0.0
STB,09:55:12,Buy Up,1900,28700.0,0.0
STB,09:55:12,Buy Up,3000,28700.0,0.0
STB,09:55:12,Buy Up,1000,28700.0,0.0
STB,09:55:12,Buy Up,100,28700.0,0.0
STB,09:55:12,Buy Up,5000,28700.0,0.0
STB,09:55:12,Buy Up,1000,28700.0,0.0
STB,09:55:12,Buy Up,100,28700.0,0.0
STB,09:55:12,Buy Up,3000,28700.0,0.0
STB,09:55:12,Buy Up,100,28700.0,0.0
STB,09:55:12,Buy Up,400,28700.0,0.0
STB,09:55:12,Buy Up,1000,28700.0,0.0
STB,09:55:12,Buy Up,2000,28700.0,0.0
STB,09:55:12,Buy Up,300,28700.0,0.0
STB,09:55:12,Buy Up,200,28700.0,0.0
STB,09:55:12,Buy Up,100,28700.0,0.0
STB,09:55:12,Buy Up,2500,28700.0,0.0
STB,09:55:12,Buy Up,500,28700.0,0.0
STB,09:55:12,Buy Up,1400,28700.0,50.0
STB,09:55:10,Sell Down,3000,28650.0,-50.0
STB,09:55:09,Buy Up,3000,28700.0,0.0
STB,09:55:09,Buy Up,50000,28700.0,0.0
STB,09:55:09,Buy Up,400,28700.0,0.0
STB,09:55:09,Buy Up,100,28700.0,0.0
STB,09:55:09,Buy Up,2000,28700.0,0.0
STB,09:55:09,Buy Up,2200,28700.0,0.0
STB,09:55:09,Buy Up,100,28700.0,0.0
STB,09:55:09,Buy Up,40000,28700.0,0.0
STB,09:55:09,Buy Up,1000,28700.0,0.0
STB,09:55:08,Buy Up,1000,28700.0,0.0
STB,09:55:08,Buy Up,100,28700.0,0.0
STB,09:55:08,Buy Up,2000,28700.0,0.0
STB,09:55:08,Buy Up,100,28700.0,0.0
STB,09:55:08,Buy Up,100,28700.0,0.0
STB,09:55:08,Buy Up,200,28700.0,0.0
STB,09:55:08,Buy Up,200,28700.0,0.0
STB,09:55:08,Buy Up,1000,28700.0,0.0
STB,09:55:08,Buy Up,100,28700.0,0.0
STB,09:55:08,Buy Up,1000,28700.0,0.0
STB,09:55:08,Buy Up,500,28700.0,0.0
STB,09:55:08,Buy Up,200,28700.0,0.0
STB,09:55:08,Buy Up,500,28700.0,0.0
STB,09:55:08,Buy Up,100,28700.0,0.0
STB,09:55:08,Buy Up,3000,28700.0,0.0
STB,09:55:08,Buy Up,100,28700.0,0.0
STB,09:55:08,Buy Up,10000,28700.0,0.0
STB,09:55:08,Buy Up,100,28700.0,0.0
STB,09:55:08,Buy Up,500,28700.0,0.0
STB,09:55:08,Buy Up,300,28700.0,0.0
STB,09:55:08,Buy Up,5000,28700.0,0.0
STB,09:55:08,Buy Up,200,28700.0,0.0
STB,09:55:08,Buy Up,7000,28700.0,0.0
STB,09:55:08,Buy Up,3000,28700.0,0.0
