ticker,time,orderType,volume,price,prevPriceChange
LDG,10:51:28,Sell Down,100,3060.0,0.0
LDG,10:51:28,Sell Down,600,3060.0,0.0
LDG,10:51:24,Buy Up,300,3060.0,0.0
LDG,10:50:53,Sell Down,1000,3060.0,0.0
LDG,10:50:53,Sell Down,1000,3060.0,0.0
LDG,10:50:53,Sell Down,100,3060.0,0.0
LDG,10:50:23,Sell Down,600,3060.0,0.0
LDG,10:48:40,Buy Up,11300,3060.0,0.0
LDG,10:48:17,Buy Up,1700,3060.0,0.0
LDG,10:48:06,Buy Up,5000,3060.0,0.0
LDG,10:47:20,Buy Up,600,3060.0,0.0
LDG,10:47:16,Sell Down,200,3060.0,0.0
LDG,10:47:16,Sell Down,100,3060.0,0.0
LDG,10:47:16,Sell Down,5000,3060.0,0.0
LDG,10:47:16,Sell Down,5000,3060.0,0.0
LDG,10:47:16,Sell Down,300,3060.0,0.0
LDG,10:47:16,Sell Down,500,3060.0,0.0
LDG,10:47:16,Sell Down,100,3060.0,0.0
LDG,10:47:16,Sell Down,400,3060.0,-10.0
LDG,10:46:42,Buy Up,100,3070.0,0.0
LDG,10:46:23,Sell Down,2700,3070.0,0.0
LDG,10:46:19,Sell Down,500,3070.0,0.0
LDG,10:45:55,Sell Down,600,3070.0,10.0
LDG,10:45:33,Sell Down,100,3060.0,0.0
LDG,10:45:33,Sell Down,100,3060.0,0.0
LDG,10:45:33,Sell Down,2000,3060.0,0.0
LDG,10:45:33,Sell Down,100,3060.0,0.0
LDG,10:45:33,Sell Down,1000,3060.0,0.0
LDG,10:45:33,Sell Down,1500,3060.0,0.0
LDG,10:45:33,Sell Down,1600,3060.0,0.0
LDG,10:45:32,Sell Down,100,3060.0,0.0
LDG,10:44:28,Sell Down,300,3060.0,0.0
LDG,10:44:28,Sell Down,100,3060.0,0.0
LDG,10:44:28,Sell Down,600,3060.0,0.0
LDG,10:44:07,Sell Down,3400,3060.0,0.0
LDG,10:44:07,Sell Down,600,3060.0,0.0
LDG,10:43:31,Sell Down,400,3060.0,0.0
LDG,10:43:31,Sell Down,3200,3060.0,0.0
LDG,10:43:31,Sell Down,300,3060.0,0.0
LDG,10:43:31,Sell Down,4000,3060.0,0.0
LDG,10:43:31,Sell Down,2000,3060.0,0.0
LDG,10:43:31,Sell Down,100,3060.0,0.0
LDG,10:43:31,Sell Down,400,3060.0,0.0
LDG,10:43:31,Sell Down,300,3060.0,0.0
LDG,10:43:31,Sell Down,100,3060.0,0.0
LDG,10:43:31,Sell Down,20000,3060.0,0.0
LDG,10:43:31,Sell Down,10000,3060.0,0.0
LDG,10:43:31,Sell Down,30000,3060.0,0.0
LDG,10:43:31,Sell Down,200,3060.0,0.0
LDG,10:43:31,Sell Down,500,3060.0,0.0
LDG,10:43:31,Sell Down,2000,3060.0,0.0
LDG,10:43:31,Sell Down,5400,3060.0,0.0
LDG,10:43:31,Sell Down,3000,3060.0,0.0
LDG,10:43:31,Sell Down,3000,3060.0,0.0
LDG,10:43:31,Sell Down,1000,3060.0,0.0
LDG,10:43:31,Sell Down,200,3060.0,0.0
LDG,10:43:31,Sell Down,1500,3060.0,-10.0
LDG,10:43:31,Buy Up,500,3070.0,0.0
LDG,10:43:31,Buy Up,100,3070.0,0.0
LDG,10:43:31,Buy Up,2000,3070.0,0.0
LDG,10:43:31,Buy Up,500,3070.0,0.0
LDG,10:43:31,Buy Up,500,3070.0,0.0
LDG,10:43:31,Buy Up,1000,3070.0,0.0
LDG,10:43:31,Sell Down,32800,3070.0,0.0
LDG,10:42:29,Sell Down,100,3070.0,0.0
LDG,10:41:39,Sell Down,2500,3070.0,0.0
LDG,10:41:16,Sell Down,200,3070.0,-10.0
LDG,10:41:15,Buy Up,1000,3080.0,0.0
LDG,10:41:15,Buy Up,1000,3080.0,0.0
LDG,10:41:15,Buy Up,2000,3080.0,0.0
LDG,10:41:15,Buy Up,1000,3080.0,10.0
LDG,10:40:50,Sell Down,100,3070.0,0.0
LDG,10:40:49,Sell Down,100,3070.0,0.0
LDG,10:40:27,Sell Down,10000,3070.0,0.0
LDG,10:40:05,Sell Down,3400,3070.0,0.0
LDG,10:39:51,Sell Down,800,3070.0,10.0
LDG,10:39:28,Sell Down,1000,3060.0,0.0
LDG,10:38:35,Sell Down,200,3060.0,0.0
LDG,10:38:35,Sell Down,2200,3060.0,-10.0
LDG,10:38:35,Sell Down,500,3070.0,0.0
LDG,10:38:35,Sell Down,2000,3070.0,-10.0
LDG,10:38:12,Buy Up,500,3080.0,0.0
LDG,10:38:09,Buy Up,4200,3080.0,10.0
LDG,10:37:53,Sell Down,300,3070.0,0.0
LDG,10:37:53,Sell Down,800,3070.0,0.0
LDG,10:37:53,Sell Down,200,3070.0,0.0
LDG,10:37:53,Sell Down,900,3070.0,0.0
LDG,10:37:29,Sell Down,2000,3070.0,0.0
LDG,10:36:54,Sell Down,2600,3070.0,0.0
LDG,10:36:54,Sell Down,7400,3070.0,0.0
LDG,10:34:58,Sell Down,5000,3070.0,0.0
LDG,10:34:36,Sell Down,2000,3070.0,0.0
LDG,10:33:15,Sell Down,5000,3070.0,0.0
LDG,10:32:40,Sell Down,2000,3070.0,0.0
LDG,10:32:40,Sell Down,8600,3070.0,0.0
LDG,10:32:13,Sell Down,300,3070.0,0.0
LDG,10:32:13,Sell Down,28400,3070.0,0.0
LDG,10:32:13,Sell Down,100,3070.0,0.0
LDG,10:32:13,Sell Down,100,3070.0,0.0
LDG,10:32:13,Sell Down,1200,3070.0,0.0
LDG,10:31:42,Sell Down,100,3070.0,0.0
LDG,10:31:15,Sell Down,6000,3070.0,0.0
LDG,10:31:02,Sell Down,200,3070.0,0.0
LDG,10:30:23,Sell Down,1500,3070.0,0.0
LDG,10:30:12,Sell Down,2000,3070.0,0.0
LDG,10:30:02,Sell Down,1400,3070.0,0.0
LDG,10:29:56,Sell Down,500,3070.0,0.0
LDG,10:29:48,Sell Down,100,3070.0,0.0
LDG,10:29:48,Sell Down,100,3070.0,0.0
LDG,10:29:48,Sell Down,800,3070.0,0.0
LDG,10:29:23,Sell Down,200,3070.0,-10.0
LDG,10:28:53,Buy Up,12300,3080.0,0.0
LDG,10:28:53,Buy Up,200,3080.0,0.0
LDG,10:28:53,Buy Up,100,3080.0,0.0
LDG,10:28:53,Buy Up,12000,3080.0,0.0
LDG,10:28:53,Buy Up,500,3080.0,0.0
LDG,10:28:53,Buy Up,300,3080.0,0.0
LDG,10:28:52,Buy Up,200,3080.0,0.0
LDG,10:28:52,Buy Up,100,3080.0,0.0
LDG,10:28:52,Buy Up,10000,3080.0,0.0
LDG,10:28:52,Buy Up,500,3080.0,0.0
LDG,10:28:52,Buy Up,5000,3080.0,0.0
LDG,10:28:52,Buy Up,100,3080.0,0.0
LDG,10:28:52,Buy Up,1000,3080.0,0.0
LDG,10:28:52,Buy Up,3000,3080.0,0.0
LDG,10:28:52,Buy Up,4700,3080.0,10.0
LDG,10:28:47,Sell Down,1000,3070.0,0.0
LDG,10:28:01,Buy Up,200,3070.0,0.0
LDG,10:27:58,Sell Down,2000,3070.0,0.0
LDG,10:27:58,Sell Down,800,3070.0,-10.0
LDG,10:27:51,Buy Up,1000,3080.0,10.0
LDG,10:27:27,Sell Down,5800,3070.0,0.0
LDG,10:27:19,Buy Up,100,3070.0,0.0
LDG,10:27:19,Buy Up,2200,3070.0,0.0
LDG,10:27:19,Buy Up,1100,3070.0,0.0
LDG,10:26:38,Buy Up,500,3070.0,0.0
LDG,10:26:35,Buy Up,200,3070.0,0.0
LDG,10:26:35,Buy Up,3300,3070.0,0.0
LDG,10:25:44,Buy Up,1700,3070.0,0.0
LDG,10:25:07,Buy Up,1000,3070.0,0.0
LDG,10:25:07,Buy Up,1000,3070.0,0.0
LDG,10:24:41,Buy Up,1000,3070.0,0.0
LDG,10:23:59,Sell Down,500,3070.0,0.0
LDG,10:23:16,Buy Up,300,3070.0,0.0
LDG,10:23:16,Buy Up,200,3070.0,0.0
LDG,10:23:11,Buy Up,100,3070.0,0.0
LDG,10:22:41,Buy Up,200,3070.0,0.0
LDG,10:22:20,Sell Down,600,3070.0,0.0
LDG,10:22:20,Sell Down,300,3070.0,0.0
LDG,10:22:10,Sell Down,2600,3070.0,0.0
LDG,10:22:10,Sell Down,6300,3070.0,0.0
LDG,10:22:10,Sell Down,1000,3070.0,0.0
LDG,10:22:10,Sell Down,100,3070.0,-10.0
LDG,10:22:07,Buy Up,100,3080.0,10.0
LDG,10:21:40,Sell Down,900,3070.0,0.0
LDG,10:21:40,Sell Down,100,3070.0,0.0
LDG,10:21:26,Sell Down,900,3070.0,0.0
LDG,10:21:26,Sell Down,1000,3070.0,0.0
LDG,10:21:26,Sell Down,300,3070.0,0.0
LDG,10:21:26,Sell Down,3000,3070.0,0.0
LDG,10:21:26,Sell Down,3800,3070.0,0.0
LDG,10:21:04,Sell Down,2500,3070.0,0.0
LDG,10:20:16,Sell Down,3000,3070.0,0.0
LDG,10:20:06,Sell Down,700,3070.0,0.0
LDG,10:20:06,Sell Down,100,3070.0,0.0
LDG,10:20:06,Sell Down,200,3070.0,0.0
LDG,10:19:18,Sell Down,1000,3070.0,0.0
LDG,10:18:52,Sell Down,300,3070.0,0.0
LDG,10:18:52,Sell Down,700,3070.0,0.0
LDG,10:18:06,Sell Down,300,3070.0,0.0
LDG,10:18:06,Sell Down,300,3070.0,0.0
LDG,10:18:06,Sell Down,2000,3070.0,0.0
LDG,10:18:06,Sell Down,2000,3070.0,0.0
LDG,10:18:06,Sell Down,5000,3070.0,0.0
LDG,10:18:06,Sell Down,500,3070.0,0.0
LDG,10:18:06,Sell Down,1000,3070.0,0.0
LDG,10:18:06,Sell Down,100,3070.0,0.0
LDG,10:18:06,Sell Down,300,3070.0,-10.0
LDG,10:17:24,Buy Up,600,3080.0,0.0
LDG,10:17:05,Buy Up,300,3080.0,0.0
LDG,10:17:05,Buy Up,27100,3080.0,0.0
LDG,10:17:05,Buy Up,300,3080.0,0.0
LDG,10:17:05,Buy Up,100,3080.0,0.0
LDG,10:17:05,Buy Up,1000,3080.0,0.0
LDG,10:17:05,Buy Up,300,3080.0,0.0
LDG,10:17:05,Buy Up,10900,3080.0,0.0
LDG,10:16:31,Buy Up,2000,3080.0,0.0
LDG,10:15:16,Buy Up,100,3080.0,0.0
LDG,10:15:13,Buy Up,1000,3080.0,0.0
LDG,10:15:04,Buy Up,1000,3080.0,0.0
LDG,10:15:04,Buy Up,9000,3080.0,0.0
LDG,10:14:59,Buy Up,100,3080.0,10.0
LDG,10:14:51,Sell Down,500,3070.0,-10.0
LDG,10:14:38,Buy Up,100,3080.0,10.0
LDG,10:14:03,Sell Down,2000,3070.0,0.0
LDG,10:14:02,Sell Down,1400,3070.0,0.0
LDG,10:11:47,Sell Down,100,3070.0,0.0
LDG,10:11:30,Buy Up,500,3070.0,0.0
LDG,10:11:30,Buy Up,200,3070.0,10.0
LDG,10:11:08,Sell Down,2500,3060.0,0.0
LDG,10:11:00,Sell Down,300,3060.0,-10.0
LDG,10:10:38,Buy Up,1000,3070.0,0.0
LDG,10:10:38,Buy Up,2000,3070.0,0.0
LDG,10:10:38,Buy Up,300,3070.0,0.0
LDG,10:10:38,Buy Up,11700,3070.0,0.0
LDG,10:10:11,Buy Up,500,3070.0,0.0
LDG,10:09:12,Buy Up,1000,3070.0,0.0
LDG,10:09:12,Buy Up,800,3070.0,0.0
LDG,10:09:12,Buy Up,3000,3070.0,0.0
LDG,10:09:12,Buy Up,1000,3070.0,0.0
LDG,10:09:12,Buy Up,200,3070.0,10.0
LDG,10:09:08,Sell Down,100,3060.0,0.0
LDG,10:09:08,Sell Down,4400,3060.0,-10.0
LDG,10:08:24,Buy Up,100,3070.0,0.0
LDG,10:08:19,Buy Up,1200,3070.0,0.0
LDG,10:07:58,Buy Up,500,3070.0,0.0
LDG,10:07:57,Buy Up,600,3070.0,0.0
LDG,10:07:57,Buy Up,100,3070.0,0.0
LDG,10:07:57,Buy Up,22800,3070.0,0.0
LDG,10:07:45,Buy Up,7200,3070.0,0.0
LDG,10:07:28,Buy Up,100,3070.0,0.0
LDG,10:07:22,Buy Up,400,3070.0,0.0
LDG,10:07:16,Buy Up,100,3070.0,0.0
LDG,10:06:51,Buy Up,3000,3070.0,0.0
LDG,10:06:28,Buy Up,300,3070.0,0.0
LDG,10:06:26,Buy Up,400,3070.0,0.0
LDG,10:05:09,Buy Up,500,3070.0,0.0
LDG,10:04:54,Buy Up,2000,3070.0,0.0
LDG,10:04:45,Buy Up,1000,3070.0,0.0
LDG,10:04:42,Buy Up,10000,3070.0,0.0
LDG,10:04:42,Buy Up,10700,3070.0,0.0
LDG,10:04:38,Sell Down,1000,3070.0,0.0
LDG,10:04:20,Sell Down,1000,3070.0,0.0
LDG,10:04:00,Sell Down,2000,3070.0,0.0
LDG,10:03:34,Sell Down,1000,3070.0,0.0
LDG,10:03:26,Sell Down,1000,3070.0,0.0
LDG,10:02:50,Sell Down,4000,3070.0,0.0
LDG,10:02:50,Sell Down,1000,3070.0,0.0
LDG,10:02:32,Sell Down,1000,3070.0,0.0
LDG,10:02:12,Sell Down,100,3070.0,0.0
LDG,10:02:09,Sell Down,1500,3070.0,0.0
LDG,10:02:06,Sell Down,2300,3070.0,0.0
LDG,10:01:52,Sell Down,2100,3070.0,0.0
LDG,10:01:38,Sell Down,1300,3070.0,0.0
LDG,10:01:38,Sell Down,300,3070.0,0.0
LDG,10:01:38,Sell Down,500,3070.0,0.0
LDG,10:01:38,Sell Down,1000,3070.0,0.0
LDG,10:01:38,Sell Down,200,3070.0,0.0
LDG,10:01:38,Sell Down,200,3070.0,0.0
LDG,10:01:38,Sell Down,600,3070.0,0.0
LDG,10:01:38,Sell Down,500,3070.0,0.0
LDG,10:01:38,Sell Down,2000,3070.0,0.0
LDG,10:01:38,Sell Down,600,3070.0,0.0
LDG,10:01:38,Sell Down,100,3070.0,0.0
LDG,10:01:38,Sell Down,10000,3070.0,0.0
LDG,10:01:38,Sell Down,2700,3070.0,-10.0
LDG,10:01:29,Buy Up,100,3080.0,10.0
LDG,10:01:28,Sell Down,300,3070.0,0.0
LDG,10:01:28,Sell Down,400,3070.0,0.0
LDG,10:01:28,Sell Down,500,3070.0,0.0
LDG,10:01:28,Sell Down,100,3070.0,0.0
LDG,10:01:28,Sell Down,1000,3070.0,0.0
LDG,10:01:28,Sell Down,100,3070.0,0.0
LDG,10:01:28,Sell Down,200,3070.0,0.0
LDG,10:01:28,Sell Down,200,3070.0,0.0
LDG,10:01:28,Sell Down,200,3070.0,0.0
LDG,10:01:20,Sell Down,100,3070.0,0.0
LDG,10:01:20,Sell Down,700,3070.0,-10.0
LDG,10:01:12,Buy Up,1000,3080.0,10.0
LDG,10:01:07,Sell Down,1300,3070.0,0.0
LDG,10:01:07,Sell Down,700,3070.0,0.0
LDG,10:00:59,Sell Down,1300,3070.0,0.0
LDG,10:00:59,Sell Down,1000,3070.0,0.0
LDG,10:00:59,Sell Down,700,3070.0,-10.0
LDG,10:00:54,Buy Up,7500,3080.0,0.0
LDG,09:59:36,Sell Down,2200,3080.0,0.0
LDG,09:59:35,Sell Down,800,3080.0,0.0
LDG,09:59:27,Sell Down,200,3080.0,0.0
LDG,09:59:25,Sell Down,100,3080.0,0.0
LDG,09:59:25,Sell Down,3400,3080.0,0.0
LDG,09:59:08,Sell Down,2500,3080.0,0.0
LDG,09:59:04,Sell Down,4500,3080.0,0.0
LDG,09:58:57,Sell Down,300,3080.0,0.0
LDG,09:58:53,Sell Down,500,3080.0,0.0
LDG,09:58:43,Sell Down,800,3080.0,0.0
LDG,09:58:43,Sell Down,100,3080.0,0.0
LDG,09:58:43,Sell Down,100,3080.0,0.0
LDG,09:58:21,Sell Down,1000,3080.0,0.0
LDG,09:58:20,Sell Down,3000,3080.0,0.0
LDG,09:58:20,Sell Down,500,3080.0,0.0
LDG,09:58:20,Sell Down,600,3080.0,0.0
LDG,09:58:20,Sell Down,2300,3080.0,0.0
LDG,09:58:20,Sell Down,6800,3080.0,0.0
LDG,09:58:20,Sell Down,2000,3080.0,0.0
LDG,09:58:20,Sell Down,2000,3080.0,0.0
LDG,09:58:20,Sell Down,300,3080.0,0.0
LDG,09:58:20,Sell Down,8000,3080.0,0.0
LDG,09:58:20,Sell Down,200,3080.0,0.0
LDG,09:58:20,Sell Down,300,3080.0,0.0
LDG,09:58:20,Sell Down,3000,3080.0,0.0
LDG,09:58:20,Sell Down,100,3080.0,0.0
LDG,09:58:20,Sell Down,500,3080.0,0.0
LDG,09:58:20,Sell Down,200,3080.0,0.0
LDG,09:58:20,Sell Down,1000,3080.0,0.0
LDG,09:58:20,Sell Down,1500,3080.0,0.0
LDG,09:58:20,Sell Down,700,3080.0,0.0
LDG,09:58:15,Sell Down,100,3080.0,0.0
LDG,09:58:03,Sell Down,200,3080.0,0.0
LDG,09:58:03,Sell Down,200,3080.0,0.0
LDG,09:58:03,Sell Down,600,3080.0,0.0
LDG,09:57:49,Sell Down,100,3080.0,0.0
LDG,09:56:55,Sell Down,200,3080.0,0.0
LDG,09:56:35,Sell Down,100,3080.0,0.0
LDG,09:56:35,Sell Down,1900,3080.0,0.0
LDG,09:56:24,Sell Down,2100,3080.0,0.0
LDG,09:56:24,Sell Down,900,3080.0,-10.0
LDG,09:56:02,Buy Up,7000,3090.0,10.0
LDG,09:55:58,Sell Down,200,3080.0,0.0
LDG,09:55:09,Sell Down,300,3080.0,0.0
LDG,09:54:57,Sell Down,500,3080.0,0.0
LDG,09:54:36,Sell Down,300,3080.0,-10.0
LDG,09:54:28,Buy Up,1000,3090.0,10.0
LDG,09:54:21,Sell Down,1000,3080.0,0.0
LDG,09:54:18,Sell Down,6600,3080.0,0.0
LDG,09:54:16,Sell Down,500,3080.0,-10.0
LDG,09:54:04,Buy Up,300,3090.0,0.0
LDG,09:54:03,Buy Up,100,3090.0,0.0
LDG,09:53:37,Buy Up,200,3090.0,0.0
LDG,09:53:25,Buy Up,100,3090.0,0.0
LDG,09:53:22,Buy Up,800,3090.0,0.0
LDG,09:53:03,Buy Up,1500,3090.0,0.0
LDG,09:53:03,Buy Up,500,3090.0,0.0
LDG,09:53:03,Buy Up,300,3090.0,0.0
LDG,09:53:03,Buy Up,100,3090.0,0.0
LDG,09:53:03,Buy Up,2600,3090.0,0.0
LDG,09:52:44,Buy Up,300,3090.0,0.0
LDG,09:52:03,Buy Up,700,3090.0,10.0
LDG,09:51:37,Sell Down,1700,3080.0,0.0
LDG,09:51:08,Sell Down,12000,3080.0,-10.0
LDG,09:50:51,Buy Up,300,3090.0,0.0
LDG,09:50:39,Buy Up,500,3090.0,0.0
LDG,09:50:39,Buy Up,1100,3090.0,0.0
LDG,09:50:39,Buy Up,1500,3090.0,0.0
LDG,09:50:39,Buy Up,1900,3090.0,0.0
LDG,09:50:39,Buy Up,2000,3090.0,10.0
LDG,09:50:38,Sell Down,11000,3080.0,-10.0
LDG,09:50:35,Buy Up,100,3090.0,0.0
LDG,09:50:06,Buy Up,100,3090.0,10.0
LDG,09:49:44,Sell Down,100,3080.0,0.0
LDG,09:49:18,Sell Down,16900,3080.0,0.0
LDG,09:49:18,Sell Down,200,3080.0,0.0
LDG,09:49:18,Sell Down,1000,3080.0,0.0
LDG,09:49:18,Sell Down,5000,3080.0,0.0
LDG,09:49:18,Sell Down,400,3080.0,0.0
LDG,09:49:18,Sell Down,2000,3080.0,0.0
LDG,09:49:18,Sell Down,100,3080.0,0.0
LDG,09:49:18,Sell Down,100,3080.0,0.0
LDG,09:49:18,Sell Down,300,3080.0,0.0
LDG,09:49:18,Sell Down,3700,3080.0,0.0
LDG,09:49:17,Sell Down,10300,3080.0,-10.0
LDG,09:49:13,Buy Up,500,3090.0,0.0
LDG,09:49:13,Buy Up,5000,3090.0,10.0
LDG,09:49:07,Sell Down,3000,3080.0,-10.0
LDG,09:49:06,Buy Up,2400,3090.0,0.0
LDG,09:49:06,Buy Up,500,3090.0,0.0
LDG,09:49:06,Buy Up,100,3090.0,0.0
LDG,09:49:03,Buy Up,5000,3090.0,0.0
LDG,09:48:58,Buy Up,900,3090.0,0.0
LDG,09:48:58,Buy Up,100,3090.0,0.0
LDG,09:48:58,Buy Up,100,3090.0,0.0
LDG,09:48:58,Buy Up,900,3090.0,10.0
LDG,09:48:57,Sell Down,1500,3080.0,-10.0
LDG,09:48:56,Buy Up,100,3090.0,0.0
LDG,09:48:56,Buy Up,200,3090.0,0.0
LDG,09:48:56,Buy Up,500,3090.0,0.0
LDG,09:48:56,Buy Up,200,3090.0,0.0
LDG,09:48:56,Buy Up,1600,3090.0,0.0
LDG,09:48:54,Buy Up,1000,3090.0,0.0
LDG,09:48:49,Buy Up,500,3090.0,0.0
LDG,09:48:46,Buy Up,5000,3090.0,0.0
LDG,09:48:18,Buy Up,400,3090.0,0.0
LDG,09:47:53,Buy Up,300,3090.0,0.0
LDG,09:47:44,Buy Up,1200,3090.0,0.0
LDG,09:47:44,Buy Up,1100,3090.0,0.0
LDG,09:47:35,Buy Up,900,3090.0,0.0
LDG,09:47:35,Buy Up,200,3090.0,0.0
LDG,09:47:35,Buy Up,200,3090.0,0.0
LDG,09:47:35,Buy Up,100,3090.0,0.0
LDG,09:47:35,Buy Up,500,3090.0,0.0
LDG,09:47:35,Buy Up,100,3090.0,0.0
LDG,09:47:32,Buy Up,200,3090.0,0.0
LDG,09:47:30,Buy Up,100,3090.0,0.0
LDG,09:47:27,Buy Up,600,3090.0,0.0
LDG,09:47:27,Buy Up,2400,3090.0,0.0
LDG,09:47:26,Buy Up,500,3090.0,0.0
LDG,09:47:22,Buy Up,2100,3090.0,0.0
LDG,09:47:22,Buy Up,500,3090.0,0.0
LDG,09:47:22,Buy Up,2400,3090.0,0.0
LDG,09:47:20,Buy Up,500,3090.0,0.0
LDG,09:47:13,Buy Up,4000,3090.0,0.0
LDG,09:47:04,Buy Up,100,3090.0,0.0
LDG,09:47:03,Buy Up,11000,3090.0,0.0
LDG,09:47:03,Buy Up,2100,3090.0,0.0
LDG,09:47:03,Buy Up,1000,3090.0,0.0
LDG,09:47:03,Buy Up,16900,3090.0,0.0
LDG,09:47:03,Buy Up,100,3090.0,0.0
LDG,09:47:03,Buy Up,100,3090.0,0.0
LDG,09:47:03,Buy Up,1000,3090.0,0.0
LDG,09:47:03,Buy Up,4200,3090.0,0.0
LDG,09:47:03,Buy Up,500,3090.0,0.0
LDG,09:47:03,Buy Up,3000,3090.0,0.0
LDG,09:47:03,Buy Up,34400,3090.0,0.0
LDG,09:47:03,Buy Up,100,3090.0,0.0
LDG,09:47:03,Buy Up,1900,3090.0,0.0
LDG,09:47:03,Buy Up,200,3090.0,0.0
LDG,09:47:03,Buy Up,200,3090.0,0.0
LDG,09:47:03,Buy Up,800,3090.0,0.0
LDG,09:47:03,Buy Up,200,3090.0,0.0
LDG,09:46:58,Buy Up,3000,3090.0,0.0
LDG,09:46:58,Buy Up,200,3090.0,0.0
LDG,09:46:58,Buy Up,1000,3090.0,0.0
LDG,09:46:58,Buy Up,100,3090.0,0.0
LDG,09:46:58,Buy Up,100,3090.0,0.0
LDG,09:46:58,Buy Up,100,3090.0,0.0
LDG,09:46:58,Buy Up,5000,3090.0,0.0
LDG,09:46:58,Buy Up,5500,3090.0,0.0
LDG,09:46:56,Buy Up,100,3090.0,10.0
LDG,09:46:53,Sell Down,100,3080.0,-10.0
LDG,09:46:50,Buy Up,6300,3090.0,0.0
LDG,09:46:50,Buy Up,300,3090.0,0.0
LDG,09:46:50,Buy Up,1000,3090.0,0.0
LDG,09:46:50,Buy Up,3600,3090.0,0.0
LDG,09:46:50,Buy Up,5000,3090.0,0.0
LDG,09:46:50,Buy Up,2000,3090.0,0.0
LDG,09:46:50,Buy Up,1800,3090.0,10.0
LDG,09:46:46,Sell Down,100,3080.0,-10.0
LDG,09:46:40,Buy Up,1200,3090.0,0.0
LDG,09:46:40,Buy Up,300,3090.0,0.0
LDG,09:46:40,Buy Up,4800,3090.0,0.0
LDG,09:46:24,Buy Up,100,3090.0,0.0
LDG,09:46:23,Buy Up,100,3090.0,0.0
LDG,09:46:23,Buy Up,600,3090.0,0.0
LDG,09:46:23,Buy Up,2000,3090.0,0.0
LDG,09:46:23,Buy Up,100,3090.0,0.0
LDG,09:46:23,Buy Up,2200,3090.0,0.0
LDG,09:46:20,Buy Up,11000,3090.0,0.0
LDG,09:45:40,Buy Up,800,3090.0,10.0
LDG,09:45:32,Sell Down,700,3080.0,-10.0
LDG,09:45:18,Buy Up,600,3090.0,10.0
LDG,09:45:05,Sell Down,100,3080.0,0.0
LDG,09:45:02,Sell Down,500,3080.0,0.0
LDG,09:45:00,Sell Down,200,3080.0,0.0
LDG,09:44:44,Sell Down,1700,3080.0,-10.0
LDG,09:44:41,Buy Up,1000,3090.0,10.0
LDG,09:44:27,Sell Down,4300,3080.0,0.0
LDG,09:43:28,Sell Down,4000,3080.0,0.0
LDG,09:43:00,Sell Down,10000,3080.0,0.0
LDG,09:42:57,Sell Down,1000,3080.0,0.0
LDG,09:42:55,Sell Down,1000,3080.0,0.0
LDG,09:42:43,Sell Down,100,3080.0,0.0
LDG,09:42:39,Sell Down,1000,3080.0,0.0
LDG,09:42:33,Sell Down,1500,3080.0,0.0
LDG,09:42:30,Buy Up,8900,3080.0,0.0
LDG,09:42:29,Sell Down,7000,3080.0,0.0
LDG,09:42:29,Sell Down,300,3080.0,0.0
LDG,09:42:29,Sell Down,200,3080.0,0.0
LDG,09:42:18,Sell Down,100,3080.0,0.0
LDG,09:42:15,Buy Up,1000,3080.0,0.0
LDG,09:42:15,Buy Up,3600,3080.0,0.0
LDG,09:42:13,Sell Down,6400,3080.0,0.0
LDG,09:42:11,Sell Down,100,3080.0,0.0
LDG,09:42:11,Sell Down,1000,3080.0,0.0
LDG,09:42:11,Sell Down,200,3080.0,0.0
LDG,09:42:11,Sell Down,2300,3080.0,10.0
LDG,09:42:02,Sell Down,900,3070.0,-10.0
LDG,09:41:49,Sell Down,2700,3080.0,0.0
LDG,09:41:45,Buy Up,300,3080.0,0.0
LDG,09:41:38,Buy Up,1000,3080.0,0.0
LDG,09:41:38,Buy Up,2000,3080.0,0.0
LDG,09:41:33,Buy Up,200,3080.0,0.0
LDG,09:41:27,Buy Up,200,3080.0,0.0
LDG,09:41:16,Buy Up,3200,3080.0,0.0
LDG,09:41:12,Sell Down,500,3080.0,0.0
LDG,09:41:12,Sell Down,10000,3080.0,0.0
LDG,09:41:12,Sell Down,1000,3080.0,0.0
LDG,09:41:12,Sell Down,300,3080.0,0.0
LDG,09:41:12,Sell Down,400,3080.0,0.0
LDG,09:41:12,Sell Down,900,3080.0,-10.0
LDG,09:41:01,Buy Up,600,3090.0,10.0
LDG,09:40:59,Sell Down,1100,3080.0,0.0
LDG,09:40:59,Sell Down,3500,3080.0,0.0
LDG,09:40:59,Sell Down,3000,3080.0,0.0
LDG,09:40:59,Sell Down,1000,3080.0,0.0
LDG,09:40:59,Sell Down,1400,3080.0,0.0
LDG,09:40:50,Sell Down,300,3080.0,0.0
LDG,09:40:41,Sell Down,100,3080.0,0.0
LDG,09:40:36,Sell Down,1200,3080.0,0.0
LDG,09:40:35,Sell Down,1000,3080.0,0.0
LDG,09:40:35,Sell Down,5000,3080.0,0.0
LDG,09:40:35,Sell Down,5000,3080.0,0.0
LDG,09:40:35,Sell Down,5000,3080.0,0.0
LDG,09:40:35,Sell Down,500,3080.0,0.0
LDG,09:40:35,Sell Down,1400,3080.0,0.0
LDG,09:40:35,Sell Down,300,3080.0,0.0
LDG,09:40:35,Sell Down,600,3080.0,0.0
LDG,09:40:25,Sell Down,100,3080.0,0.0
LDG,09:40:21,Sell Down,100,3080.0,0.0
LDG,09:40:16,Sell Down,100,3080.0,0.0
LDG,09:40:10,Sell Down,4300,3080.0,0.0
LDG,09:40:10,Sell Down,1100,3080.0,0.0
LDG,09:40:10,Sell Down,3500,3080.0,0.0
LDG,09:40:10,Sell Down,1100,3080.0,0.0
LDG,09:39:38,Sell Down,10000,3080.0,-10.0
LDG,09:39:30,Buy Up,600,3090.0,10.0
LDG,09:39:04,Sell Down,100,3080.0,0.0
LDG,09:38:37,Sell Down,8000,3080.0,0.0
LDG,09:38:19,Sell Down,5600,3080.0,0.0
LDG,09:38:19,Sell Down,17600,3080.0,0.0
LDG,09:38:19,Sell Down,2000,3080.0,0.0
LDG,09:38:19,Sell Down,2000,3080.0,0.0
LDG,09:38:19,Sell Down,300,3080.0,0.0
LDG,09:38:19,Sell Down,4000,3080.0,0.0
LDG,09:38:19,Sell Down,5000,3080.0,0.0
LDG,09:38:19,Sell Down,3400,3080.0,-10.0
LDG,09:38:17,Buy Up,2000,3090.0,0.0
LDG,09:38:08,Buy Up,500,3090.0,0.0
LDG,09:37:41,Buy Up,700,3090.0,0.0
LDG,09:37:41,Buy Up,1300,3090.0,0.0
LDG,09:37:28,Buy Up,2800,3090.0,0.0
LDG,09:37:28,Buy Up,500,3090.0,0.0
LDG,09:37:28,Buy Up,700,3090.0,10.0
LDG,09:37:16,Sell Down,200,3080.0,-10.0
LDG,09:37:02,Buy Up,100,3090.0,10.0
LDG,09:36:52,Sell Down,5100,3080.0,0.0
LDG,09:36:52,Sell Down,100,3080.0,0.0
LDG,09:36:52,Sell Down,300,3080.0,0.0
LDG,09:36:31,Sell Down,200,3080.0,0.0
LDG,09:36:29,Sell Down,100,3080.0,0.0
LDG,09:36:24,Sell Down,200,3080.0,-10.0
LDG,09:36:18,Buy Up,1000,3090.0,10.0
LDG,09:36:09,Sell Down,200,3080.0,0.0
LDG,09:36:09,Sell Down,100,3080.0,0.0
LDG,09:36:09,Sell Down,2500,3080.0,0.0
LDG,09:36:07,Sell Down,400,3080.0,0.0
LDG,09:36:07,Sell Down,400,3080.0,0.0
LDG,09:35:54,Sell Down,1000,3080.0,0.0
LDG,09:35:53,Sell Down,1000,3080.0,0.0
LDG,09:35:41,Buy Up,100,3080.0,0.0
LDG,09:35:38,Sell Down,200,3080.0,0.0
LDG,09:35:34,Buy Up,500,3080.0,0.0
LDG,09:35:34,Buy Up,100,3080.0,0.0
LDG,09:35:34,Buy Up,200,3080.0,0.0
LDG,09:35:25,Sell Down,500,3080.0,0.0
LDG,09:35:18,Buy Up,100,3080.0,0.0
LDG,09:35:18,Buy Up,2400,3080.0,0.0
LDG,09:35:15,Buy Up,5000,3080.0,0.0
LDG,09:35:06,Sell Down,2600,3080.0,0.0
LDG,09:35:04,Buy Up,300,3080.0,0.0
LDG,09:35:04,Buy Up,5000,3080.0,0.0
LDG,09:35:04,Buy Up,500,3080.0,0.0
LDG,09:35:04,Buy Up,200,3080.0,0.0
LDG,09:35:04,Buy Up,27400,3080.0,0.0
LDG,09:34:54,Buy Up,300,3080.0,0.0
LDG,09:34:53,Buy Up,2400,3080.0,0.0
LDG,09:34:41,Buy Up,100,3080.0,0.0
LDG,09:34:40,Buy Up,500,3080.0,0.0
LDG,09:34:38,Buy Up,2000,3080.0,0.0
LDG,09:34:37,Buy Up,1600,3080.0,0.0
LDG,09:34:32,Buy Up,20000,3080.0,0.0
LDG,09:34:30,Buy Up,500,3080.0,10.0
LDG,09:34:29,Sell Down,500,3070.0,-10.0
LDG,09:34:16,Buy Up,500,3080.0,0.0
LDG,09:34:06,Buy Up,2400,3080.0,0.0
LDG,09:34:03,Buy Up,200,3080.0,0.0
LDG,09:33:41,Buy Up,500,3080.0,0.0
LDG,09:33:40,Buy Up,3000,3080.0,0.0
LDG,09:33:39,Buy Up,100,3080.0,0.0
LDG,09:33:39,Sell Down,12500,3080.0,0.0
LDG,09:33:29,Sell Down,200,3080.0,-10.0
LDG,09:33:28,Buy Up,100,3090.0,10.0
LDG,09:33:27,Sell Down,500,3080.0,0.0
LDG,09:33:27,Sell Down,500,3080.0,0.0
LDG,09:33:18,Sell Down,1000,3080.0,0.0
LDG,09:33:18,Sell Down,1000,3080.0,0.0
LDG,09:33:06,Sell Down,500,3080.0,0.0
LDG,09:33:06,Sell Down,200,3080.0,0.0
LDG,09:33:06,Sell Down,100,3080.0,0.0
LDG,09:33:06,Sell Down,100,3080.0,0.0
LDG,09:33:06,Sell Down,100,3080.0,0.0
LDG,09:33:04,Sell Down,1800,3080.0,0.0
LDG,09:33:04,Sell Down,100,3080.0,0.0
LDG,09:33:03,Sell Down,7600,3080.0,0.0
LDG,09:33:03,Sell Down,100,3080.0,0.0
LDG,09:33:03,Sell Down,4200,3080.0,0.0
LDG,09:33:03,Sell Down,500,3080.0,0.0
LDG,09:33:03,Sell Down,300,3080.0,0.0
LDG,09:33:03,Sell Down,300,3080.0,0.0
LDG,09:33:03,Sell Down,30000,3080.0,0.0
LDG,09:33:03,Sell Down,10000,3080.0,0.0
LDG,09:33:03,Sell Down,1000,3080.0,0.0
LDG,09:33:03,Sell Down,500,3080.0,0.0
LDG,09:33:03,Sell Down,5000,3080.0,0.0
LDG,09:33:03,Sell Down,2000,3080.0,0.0
LDG,09:33:03,Sell Down,5500,3080.0,0.0
LDG,09:32:58,Sell Down,1000,3080.0,0.0
LDG,09:32:56,Sell Down,1000,3080.0,-10.0
LDG,09:32:51,Buy Up,12300,3090.0,0.0
LDG,09:32:51,Buy Up,1000,3090.0,0.0
LDG,09:32:51,Buy Up,2700,3090.0,10.0
LDG,09:32:50,Sell Down,1000,3080.0,0.0
LDG,09:32:45,Sell Down,5000,3080.0,0.0
LDG,09:32:45,Sell Down,500,3080.0,0.0
LDG,09:32:25,Sell Down,3000,3080.0,-10.0
LDG,09:32:24,Buy Up,4000,3090.0,0.0
LDG,09:32:24,Buy Up,1000,3090.0,0.0
LDG,09:32:14,Buy Up,200,3090.0,0.0
LDG,09:32:10,Buy Up,1000,3090.0,0.0
LDG,09:32:02,Buy Up,2000,3090.0,0.0
LDG,09:32:00,Buy Up,3800,3090.0,0.0
LDG,09:32:00,Buy Up,1200,3090.0,0.0
LDG,09:31:55,Buy Up,800,3090.0,0.0
LDG,09:31:55,Buy Up,7000,3090.0,0.0
LDG,09:31:55,Buy Up,1000,3090.0,0.0
LDG,09:31:55,Buy Up,300,3090.0,0.0
LDG,09:31:55,Buy Up,1900,3090.0,10.0
LDG,09:31:40,Sell Down,1000,3080.0,-10.0
LDG,09:31:38,Buy Up,1100,3090.0,0.0
LDG,09:31:38,Buy Up,200,3090.0,0.0
LDG,09:31:38,Buy Up,1000,3090.0,0.0
LDG,09:31:38,Buy Up,400,3090.0,0.0
LDG,09:31:38,Buy Up,200,3090.0,0.0
LDG,09:31:38,Buy Up,2100,3090.0,0.0
LDG,09:31:28,Buy Up,400,3090.0,0.0
LDG,09:31:26,Buy Up,100,3090.0,0.0
LDG,09:31:20,Buy Up,2400,3090.0,0.0
LDG,09:31:20,Buy Up,600,3090.0,0.0
LDG,09:31:05,Sell Down,3000,3090.0,0.0
LDG,09:31:05,Sell Down,10000,3090.0,0.0
LDG,09:31:05,Sell Down,500,3090.0,0.0
LDG,09:31:05,Sell Down,100,3090.0,0.0
LDG,09:31:05,Sell Down,6700,3090.0,0.0
LDG,09:31:05,Sell Down,1300,3090.0,0.0
LDG,09:31:05,Sell Down,12800,3090.0,0.0
LDG,09:31:05,Sell Down,500,3090.0,0.0
LDG,09:31:02,Sell Down,100,3090.0,0.0
LDG,09:31:01,Sell Down,300,3090.0,0.0
LDG,09:30:59,Sell Down,100,3090.0,0.0
LDG,09:30:58,Sell Down,500,3090.0,0.0
LDG,09:30:55,Sell Down,500,3090.0,0.0
LDG,09:30:54,Sell Down,8000,3090.0,0.0
LDG,09:30:52,Sell Down,100,3090.0,0.0
LDG,09:30:44,Sell Down,300,3090.0,0.0
LDG,09:30:43,Sell Down,100,3090.0,0.0
LDG,09:30:40,Sell Down,3000,3090.0,0.0
LDG,09:30:36,Sell Down,500,3090.0,0.0
LDG,09:30:35,Sell Down,100,3090.0,0.0
LDG,09:30:30,Sell Down,100,3090.0,0.0
LDG,09:30:24,Sell Down,1000,3090.0,0.0
LDG,09:30:24,Sell Down,5100,3090.0,0.0
LDG,09:30:19,Sell Down,1000,3090.0,0.0
LDG,09:30:19,Sell Down,5000,3090.0,0.0
LDG,09:30:19,Sell Down,8900,3090.0,-10.0
LDG,09:30:18,Buy Up,1800,3100.0,10.0
LDG,09:30:16,Sell Down,1000,3090.0,0.0
LDG,09:30:16,Sell Down,2500,3090.0,0.0
LDG,09:30:16,Sell Down,500,3090.0,0.0
LDG,09:30:12,Sell Down,2400,3090.0,0.0
LDG,09:30:10,Sell Down,1200,3090.0,0.0
LDG,09:30:07,Sell Down,100,3090.0,0.0
LDG,09:30:07,Sell Down,3100,3090.0,0.0
LDG,09:30:07,Sell Down,3000,3090.0,0.0
LDG,09:30:07,Sell Down,12200,3090.0,0.0
LDG,09:30:07,Sell Down,800,3090.0,0.0
LDG,09:30:07,Sell Down,4000,3090.0,0.0
LDG,09:30:02,Sell Down,1600,3090.0,-10.0
LDG,09:30:01,Buy Up,2000,3100.0,10.0
LDG,09:30:00,Sell Down,100,3090.0,0.0
LDG,09:29:57,Sell Down,2400,3090.0,0.0
LDG,09:29:57,Sell Down,2000,3090.0,0.0
LDG,09:29:55,Sell Down,2000,3090.0,0.0
LDG,09:29:55,Sell Down,100,3090.0,0.0
LDG,09:29:53,Sell Down,500,3090.0,0.0
LDG,09:29:52,Sell Down,1200,3090.0,0.0
LDG,09:29:51,Sell Down,100,3090.0,0.0
LDG,09:29:50,Sell Down,6000,3090.0,0.0
LDG,09:29:50,Sell Down,4000,3090.0,0.0
LDG,09:29:49,Sell Down,2400,3090.0,0.0
LDG,09:29:47,Sell Down,100,3090.0,0.0
LDG,09:29:47,Sell Down,1000,3090.0,0.0
LDG,09:29:47,Sell Down,1100,3090.0,0.0
LDG,09:29:41,Sell Down,100,3090.0,0.0
LDG,09:29:41,Sell Down,500,3090.0,0.0
LDG,09:29:39,Sell Down,10000,3090.0,0.0
LDG,09:29:36,Sell Down,500,3090.0,0.0
LDG,09:29:34,Sell Down,100,3090.0,0.0
LDG,09:29:30,Sell Down,20000,3090.0,0.0
LDG,09:29:28,Sell Down,2000,3090.0,-10.0
LDG,09:29:25,Buy Up,33700,3100.0,0.0
LDG,09:29:25,Buy Up,200,3100.0,0.0
LDG,09:29:25,Buy Up,10000,3100.0,0.0
LDG,09:29:25,Buy Up,6100,3100.0,10.0
LDG,09:29:23,Sell Down,100,3090.0,0.0
LDG,09:29:23,Sell Down,500,3090.0,0.0
LDG,09:29:22,Sell Down,500,3090.0,0.0
LDG,09:29:22,Sell Down,39600,3090.0,0.0
LDG,09:29:22,Sell Down,3000,3090.0,0.0
LDG,09:29:22,Sell Down,100,3090.0,0.0
LDG,09:29:22,Sell Down,3000,3090.0,0.0
LDG,09:29:22,Sell Down,400,3090.0,0.0
LDG,09:29:22,Sell Down,300,3090.0,0.0
LDG,09:29:22,Sell Down,9000,3090.0,0.0
LDG,09:29:22,Sell Down,2000,3090.0,0.0
LDG,09:29:22,Sell Down,200,3090.0,0.0
LDG,09:29:22,Sell Down,10000,3090.0,0.0
LDG,09:29:22,Sell Down,5400,3090.0,0.0
LDG,09:29:20,Sell Down,400,3090.0,0.0
LDG,09:29:20,Sell Down,16700,3090.0,0.0
LDG,09:29:20,Sell Down,2600,3090.0,0.0
LDG,09:29:20,Sell Down,10000,3090.0,0.0
LDG,09:29:20,Sell Down,300,3090.0,0.0
LDG,09:29:16,Sell Down,1000,3090.0,0.0
LDG,09:28:52,Sell Down,300,3090.0,0.0
LDG,09:28:52,Sell Down,100,3090.0,0.0
LDG,09:28:34,Sell Down,1000,3090.0,0.0
LDG,09:28:32,Sell Down,100,3090.0,0.0
LDG,09:28:14,Sell Down,5000,3090.0,0.0
LDG,09:28:12,Sell Down,1000,3090.0,-10.0
LDG,09:28:12,Buy Up,3900,3100.0,0.0
LDG,09:28:12,Buy Up,200,3100.0,0.0
LDG,09:28:12,Buy Up,2000,3100.0,0.0
LDG,09:28:12,Buy Up,900,3100.0,10.0
LDG,09:28:06,Sell Down,1000,3090.0,-10.0
LDG,09:28:01,Buy Up,1000,3100.0,10.0
LDG,09:27:58,Sell Down,1000,3090.0,-10.0
LDG,09:27:49,Buy Up,100,3100.0,0.0
LDG,09:27:46,Buy Up,2400,3100.0,10.0
LDG,09:27:45,Sell Down,500,3090.0,-10.0
LDG,09:27:38,Buy Up,600,3100.0,0.0
LDG,09:27:38,Buy Up,1000,3100.0,0.0
LDG,09:27:38,Buy Up,100,3100.0,0.0
LDG,09:27:38,Buy Up,100,3100.0,0.0
LDG,09:27:38,Buy Up,700,3100.0,0.0
LDG,09:27:38,Buy Up,2000,3100.0,0.0
LDG,09:27:38,Buy Up,600,3100.0,0.0
LDG,09:27:38,Buy Up,1000,3100.0,0.0
LDG,09:27:38,Buy Up,800,3100.0,0.0
LDG,09:27:38,Buy Up,100,3100.0,0.0
LDG,09:27:38,Buy Up,400,3100.0,0.0
LDG,09:27:38,Buy Up,500,3100.0,0.0
LDG,09:27:38,Buy Up,2100,3100.0,10.0
LDG,09:27:35,Sell Down,300,3090.0,-10.0
LDG,09:27:20,Buy Up,100,3100.0,0.0
LDG,09:27:08,Buy Up,7400,3100.0,20.0
LDG,09:27:04,Sell Down,2000,3080.0,0.0
LDG,09:27:04,Sell Down,400,3080.0,0.0
LDG,09:27:04,Sell Down,2400,3080.0,-10.0
LDG,09:27:04,Sell Down,200,3090.0,-10.0
LDG,09:27:02,Buy Up,10400,3100.0,0.0
LDG,09:27:02,Buy Up,400,3100.0,0.0
LDG,09:27:02,Buy Up,15000,3100.0,0.0
LDG,09:27:02,Buy Up,200,3100.0,0.0
LDG,09:27:02,Buy Up,5000,3100.0,0.0
LDG,09:27:02,Buy Up,200,3100.0,0.0
LDG,09:27:02,Buy Up,10000,3100.0,0.0
LDG,09:27:02,Buy Up,1000,3100.0,0.0
LDG,09:27:02,Buy Up,2000,3100.0,0.0
LDG,09:27:02,Buy Up,3000,3100.0,0.0
LDG,09:27:02,Buy Up,800,3100.0,0.0
LDG,09:27:02,Buy Up,100,3100.0,0.0
LDG,09:27:02,Buy Up,3000,3100.0,0.0
LDG,09:27:02,Buy Up,2000,3100.0,0.0
LDG,09:27:02,Buy Up,500,3100.0,0.0
LDG,09:27:02,Buy Up,30000,3100.0,0.0
LDG,09:27:02,Buy Up,5000,3100.0,0.0
LDG,09:27:02,Buy Up,500,3100.0,0.0
LDG,09:27:02,Buy Up,3000,3100.0,0.0
LDG,09:27:02,Buy Up,10000,3100.0,0.0
LDG,09:27:02,Buy Up,7000,3100.0,0.0
LDG,09:27:01,Buy Up,100,3100.0,10.0
LDG,09:27:00,Sell Down,700,3090.0,0.0
LDG,09:27:00,Sell Down,100,3090.0,0.0
LDG,09:27:00,Sell Down,400,3090.0,-10.0
LDG,09:26:55,Buy Up,4000,3100.0,0.0
LDG,09:26:55,Buy Up,100,3100.0,0.0
LDG,09:26:55,Buy Up,500,3100.0,0.0
LDG,09:26:55,Buy Up,500,3100.0,0.0
LDG,09:26:55,Buy Up,500,3100.0,0.0
LDG,09:26:55,Buy Up,100,3100.0,0.0
LDG,09:26:55,Buy Up,100,3100.0,0.0
LDG,09:26:55,Buy Up,200,3100.0,0.0
LDG,09:26:55,Buy Up,4000,3100.0,0.0
LDG,09:26:45,Buy Up,1000,3100.0,10.0
LDG,09:26:44,Sell Down,100,3090.0,0.0
LDG,09:26:39,Buy Up,100,3090.0,0.0
LDG,09:26:38,Buy Up,600,3090.0,0.0
LDG,09:26:37,Buy Up,1700,3090.0,0.0
LDG,09:26:35,Sell Down,1300,3090.0,0.0
LDG,09:26:35,Sell Down,300,3090.0,0.0
LDG,09:26:30,Sell Down,1000,3090.0,0.0
LDG,09:26:29,Buy Up,1000,3090.0,0.0
LDG,09:26:29,Buy Up,300,3090.0,0.0
LDG,09:26:29,Buy Up,100,3090.0,0.0
LDG,09:26:29,Buy Up,500,3090.0,0.0
LDG,09:26:29,Buy Up,500,3090.0,0.0
LDG,09:26:29,Buy Up,500,3090.0,0.0
LDG,09:26:29,Buy Up,500,3090.0,0.0
LDG,09:26:29,Buy Up,5000,3090.0,0.0
LDG,09:26:28,Buy Up,5000,3090.0,0.0
LDG,09:26:28,Buy Up,500,3090.0,0.0
LDG,09:26:28,Buy Up,20800,3090.0,10.0
LDG,09:26:26,Sell Down,200,3080.0,0.0
LDG,09:26:10,Sell Down,600,3080.0,0.0
LDG,09:26:10,Sell Down,400,3080.0,0.0
LDG,09:26:09,Sell Down,1200,3080.0,0.0
LDG,09:25:59,Sell Down,500,3080.0,0.0
LDG,09:25:59,Sell Down,400,3080.0,0.0
LDG,09:25:59,Sell Down,2300,3080.0,0.0
LDG,09:25:57,Buy Up,5000,3080.0,0.0
LDG,09:25:56,Buy Up,2700,3080.0,0.0
LDG,09:25:56,Buy Up,200,3080.0,0.0
LDG,09:25:56,Buy Up,500,3080.0,0.0
LDG,09:25:56,Buy Up,100,3080.0,0.0
LDG,09:25:56,Buy Up,2000,3080.0,0.0
LDG,09:25:56,Buy Up,500,3080.0,0.0
LDG,09:25:53,Buy Up,100,3080.0,10.0
LDG,09:25:47,Sell Down,2000,3070.0,-10.0
LDG,09:25:44,Buy Up,600,3080.0,10.0
LDG,09:25:25,Sell Down,300,3070.0,0.0
LDG,09:25:21,Sell Down,5000,3070.0,0.0
LDG,09:25:17,Sell Down,100,3070.0,0.0
LDG,09:25:04,Sell Down,5000,3070.0,-10.0
LDG,09:24:59,Buy Up,100,3080.0,0.0
LDG,09:24:51,Buy Up,100,3080.0,0.0
LDG,09:24:50,Sell Down,1500,3080.0,0.0
LDG,09:24:45,Sell Down,500,3080.0,0.0
LDG,09:24:44,Buy Up,2000,3080.0,0.0
LDG,09:24:44,Buy Up,2500,3080.0,-10.0
LDG,09:24:44,Buy Up,100,3090.0,10.0
LDG,09:24:44,Sell Down,500,3080.0,0.0
LDG,09:24:43,Sell Down,500,3080.0,0.0
LDG,09:24:43,Sell Down,1000,3080.0,0.0
LDG,09:24:43,Sell Down,300,3080.0,0.0
LDG,09:24:43,Sell Down,200,3080.0,0.0
LDG,09:24:43,Sell Down,500,3080.0,0.0
LDG,09:24:41,Sell Down,100,3080.0,0.0
LDG,09:24:41,Sell Down,400,3080.0,0.0
LDG,09:24:41,Sell Down,100,3080.0,0.0
LDG,09:24:41,Sell Down,1500,3080.0,-10.0
LDG,09:24:36,Buy Up,4500,3090.0,10.0
LDG,09:24:35,Sell Down,500,3080.0,-10.0
LDG,09:24:29,Buy Up,500,3090.0,0.0
LDG,09:24:19,Sell Down,100,3090.0,0.0
LDG,09:24:19,Sell Down,900,3090.0,0.0
LDG,09:24:19,Sell Down,1000,3090.0,0.0
LDG,09:24:19,Sell Down,1100,3090.0,0.0
LDG,09:24:19,Sell Down,100,3090.0,0.0
LDG,09:24:13,Sell Down,400,3090.0,0.0
LDG,09:24:13,Sell Down,100,3090.0,-10.0
LDG,09:24:12,Buy Up,35500,3100.0,0.0
LDG,09:24:12,Buy Up,500,3100.0,0.0
LDG,09:24:12,Buy Up,20000,3100.0,0.0
LDG,09:24:12,Buy Up,4100,3100.0,0.0
LDG,09:24:12,Buy Up,2000,3100.0,0.0
LDG,09:24:12,Buy Up,1000,3100.0,0.0
LDG,09:24:12,Buy Up,2000,3100.0,0.0
LDG,09:24:12,Buy Up,12000,3100.0,0.0
LDG,09:24:12,Buy Up,6900,3100.0,10.0
LDG,09:24:09,Sell Down,2400,3090.0,0.0
LDG,09:24:09,Sell Down,17600,3090.0,0.0
LDG,09:24:05,Sell Down,1000,3090.0,0.0
LDG,09:24:04,Sell Down,400,3090.0,-10.0
LDG,09:24:01,Buy Up,100,3100.0,0.0
LDG,09:23:56,Buy Up,100,3100.0,10.0
LDG,09:23:53,Sell Down,2000,3090.0,-10.0
LDG,09:23:48,Buy Up,800,3100.0,0.0
LDG,09:23:43,Buy Up,200,3100.0,0.0
LDG,09:23:41,Buy Up,300,3100.0,0.0
LDG,09:23:40,Buy Up,700,3100.0,0.0
LDG,09:23:40,Buy Up,1000,3100.0,0.0
LDG,09:23:40,Buy Up,2000,3100.0,0.0
LDG,09:23:40,Buy Up,500,3100.0,0.0
LDG,09:23:40,Buy Up,200,3100.0,0.0
LDG,09:23:40,Buy Up,1000,3100.0,0.0
LDG,09:23:40,Buy Up,6200,3100.0,0.0
LDG,09:23:36,Sell Down,500,3100.0,-10.0
LDG,09:23:36,Buy Up,13000,3110.0,10.0
LDG,09:23:36,Sell Down,5000,3100.0,-10.0
LDG,09:23:31,Buy Up,10000,3110.0,0.0
LDG,09:23:24,Buy Up,700,3110.0,0.0
LDG,09:23:24,Buy Up,1300,3110.0,10.0
LDG,09:23:23,Sell Down,500,3100.0,-10.0
LDG,09:23:22,Buy Up,2000,3110.0,0.0
LDG,09:23:20,Buy Up,6700,3110.0,0.0
LDG,09:23:18,Sell Down,3300,3110.0,0.0
LDG,09:23:18,Sell Down,300,3110.0,0.0
LDG,09:23:18,Sell Down,4200,3110.0,0.0
LDG,09:23:18,Sell Down,4700,3110.0,0.0
LDG,09:23:18,Sell Down,200,3110.0,0.0
LDG,09:23:15,Sell Down,1000,3110.0,0.0
LDG,09:23:10,Sell Down,100,3110.0,0.0
LDG,09:23:10,Sell Down,200,3110.0,0.0
LDG,09:23:08,Sell Down,300,3110.0,0.0
LDG,09:23:08,Sell Down,2700,3110.0,0.0
LDG,09:23:05,Sell Down,2000,3110.0,0.0
LDG,09:23:05,Sell Down,200,3110.0,0.0
LDG,09:23:03,Sell Down,100,3110.0,0.0
LDG,09:22:58,Sell Down,1000,3110.0,0.0
LDG,09:22:57,Sell Down,1000,3110.0,0.0
LDG,09:22:55,Buy Up,1000,3110.0,0.0
LDG,09:22:55,Buy Up,2000,3110.0,0.0
LDG,09:22:49,Buy Up,100,3110.0,0.0
LDG,09:22:49,Buy Up,300,3110.0,0.0
LDG,09:22:49,Buy Up,200,3110.0,0.0
LDG,09:22:49,Buy Up,300,3110.0,0.0
LDG,09:22:45,Buy Up,200,3110.0,0.0
LDG,09:22:42,Sell Down,200,3110.0,0.0
LDG,09:22:42,Sell Down,1300,3110.0,0.0
LDG,09:22:42,Sell Down,100,3110.0,0.0
LDG,09:22:39,Sell Down,1100,3110.0,0.0
LDG,09:22:39,Sell Down,2000,3110.0,0.0
LDG,09:22:37,Sell Down,1000,3110.0,0.0
LDG,09:22:36,Buy Up,200,3110.0,-10.0
LDG,09:22:35,Buy Up,17000,3120.0,0.0
LDG,09:22:35,Buy Up,100,3120.0,0.0
LDG,09:22:35,Buy Up,300,3120.0,0.0
LDG,09:22:35,Buy Up,20000,3120.0,0.0
LDG,09:22:35,Buy Up,1000,3120.0,0.0
LDG,09:22:35,Buy Up,8000,3120.0,0.0
LDG,09:22:35,Buy Up,100,3120.0,0.0
LDG,09:22:35,Buy Up,400,3120.0,0.0
LDG,09:22:35,Buy Up,5200,3120.0,0.0
LDG,09:22:35,Buy Up,500,3120.0,10.0
LDG,09:22:35,Buy Up,400,3110.0,0.0
LDG,09:22:35,Buy Up,400,3110.0,0.0
LDG,09:22:35,Buy Up,3000,3110.0,0.0
LDG,09:22:35,Buy Up,500,3110.0,0.0
LDG,09:22:35,Buy Up,15000,3110.0,0.0
LDG,09:22:35,Buy Up,100,3110.0,0.0
LDG,09:22:35,Buy Up,900,3110.0,0.0
LDG,09:22:35,Buy Up,100,3110.0,0.0
LDG,09:22:35,Buy Up,200,3110.0,0.0
LDG,09:22:35,Buy Up,2000,3110.0,0.0
LDG,09:22:35,Buy Up,19800,3110.0,10.0
LDG,09:22:32,Sell Down,2000,3100.0,0.0
LDG,09:22:31,Sell Down,100,3100.0,0.0
LDG,09:22:29,Sell Down,35700,3100.0,0.0
LDG,09:22:25,Buy Up,4800,3100.0,0.0
LDG,09:22:25,Buy Up,500,3100.0,0.0
LDG,09:22:25,Buy Up,2000,3100.0,0.0
LDG,09:22:25,Buy Up,7000,3100.0,0.0
LDG,09:22:21,Sell Down,1000,3100.0,-10.0
LDG,09:22:16,Buy Up,300,3110.0,10.0
LDG,09:22:16,Sell Down,1000,3100.0,-10.0
LDG,09:22:14,Buy Up,9900,3110.0,0.0
LDG,09:22:14,Buy Up,100,3110.0,10.0
LDG,09:22:13,Sell Down,500,3100.0,0.0
LDG,09:22:11,Sell Down,500,3100.0,10.0
LDG,09:22:06,Sell Down,9000,3090.0,0.0
LDG,09:22:06,Sell Down,5000,3090.0,0.0
LDG,09:22:06,Sell Down,3000,3090.0,0.0
LDG,09:22:06,Sell Down,10500,3090.0,-10.0
LDG,09:22:06,Buy Up,22500,3100.0,0.0
LDG,09:22:05,Sell Down,500,3100.0,0.0
LDG,09:22:03,Sell Down,500,3100.0,0.0
LDG,09:22:02,Sell Down,500,3100.0,0.0
LDG,09:22:01,Buy Up,200,3100.0,0.0
LDG,09:22:01,Buy Up,5000,3100.0,0.0
LDG,09:22:01,Buy Up,500,3100.0,0.0
LDG,09:22:01,Buy Up,1000,3100.0,0.0
LDG,09:22:01,Buy Up,400,3100.0,0.0
LDG,09:22:01,Buy Up,500,3100.0,0.0
LDG,09:22:01,Buy Up,10000,3100.0,0.0
LDG,09:22:01,Buy Up,1000,3100.0,0.0
LDG,09:22:01,Buy Up,200,3100.0,0.0
LDG,09:22:01,Buy Up,5000,3100.0,0.0
LDG,09:22:01,Buy Up,5000,3100.0,0.0
LDG,09:22:01,Buy Up,1000,3100.0,0.0
LDG,09:22:01,Buy Up,100,3100.0,0.0
LDG,09:22:01,Buy Up,10000,3100.0,0.0
LDG,09:22:01,Buy Up,200,3100.0,0.0
LDG,09:22:01,Buy Up,1100,3100.0,0.0
LDG,09:22:01,Buy Up,100,3100.0,0.0
LDG,09:22:01,Buy Up,30000,3100.0,0.0
LDG,09:22:01,Buy Up,100,3100.0,0.0
LDG,09:22:01,Buy Up,1000,3100.0,0.0
LDG,09:22:01,Buy Up,300,3100.0,0.0
LDG,09:22:01,Buy Up,20000,3100.0,0.0
LDG,09:22:01,Buy Up,20000,3100.0,0.0
LDG,09:22:01,Buy Up,5000,3100.0,0.0
LDG,09:22:01,Buy Up,900,3100.0,0.0
LDG,09:22:01,Buy Up,600,3100.0,0.0
LDG,09:22:01,Buy Up,100,3100.0,0.0
LDG,09:22:01,Buy Up,200,3100.0,0.0
LDG,09:22:01,Buy Up,10000,3100.0,0.0
LDG,09:22:01,Buy Up,5000,3100.0,0.0
LDG,09:22:01,Buy Up,2000,3100.0,0.0
LDG,09:22:01,Buy Up,3600,3100.0,0.0
LDG,09:22:01,Buy Up,4800,3100.0,0.0
LDG,09:22:01,Buy Up,1000,3100.0,0.0
LDG,09:22:01,Buy Up,100,3100.0,0.0
