ticker,time,orderType,volume,price,prevPriceChange
VHC,11:27:15,Sell Down,300.0,63900.0,0.0
VHC,11:27:15,Sell Down,600.0,63900.0,0.0
VHC,11:26:24,Sell Down,1000.0,63900.0,0.0
VHC,11:26:24,Sell Down,100.0,63900.0,0.0
VHC,11:26:24,Sell Down,100.0,63900.0,0.0
VHC,11:26:24,Sell Down,100.0,63900.0,0.0
VHC,11:26:24,Sell Down,1500.0,63900.0,0.0
VHC,11:26:24,Sell Down,1600.0,63900.0,0.0
VHC,11:26:06,Sell Down,400.0,63900.0,0.0
VHC,11:26:06,Sell Down,100.0,63900.0,0.0
VHC,11:26:06,Sell Down,500.0,63900.0,0.0
VHC,11:22:10,Sell Down,1000.0,63900.0,0.0
VHC,11:20:31,Sell Down,500.0,63900.0,-100.0
VHC,11:20:29,Buy Up,4700.0,64000.0,0.0
VHC,11:20:29,Buy Up,100.0,64000.0,0.0
VHC,11:20:29,Buy Up,300.0,64000.0,0.0
VHC,11:20:29,Buy Up,14900.0,64000.0,0.0
VHC,11:20:08,Buy Up,200.0,64000.0,0.0
VHC,11:19:07,Buy Up,200.0,64000.0,100.0
VHC,11:17:58,Sell Down,600.0,63900.0,0.0
VHC,11:17:46,Buy Up,4000.0,63900.0,0.0
VHC,11:17:46,Buy Up,400.0,63900.0,0.0
VHC,11:17:46,Buy Up,700.0,63900.0,0.0
VHC,11:17:46,Buy Up,9900.0,63900.0,0.0
VHC,11:17:28,Buy Up,200.0,63900.0,0.0
VHC,11:16:49,Buy Up,8000.0,63900.0,0.0
VHC,11:16:22,Buy Up,200.0,63900.0,0.0
VHC,11:15:57,Buy Up,200.0,63900.0,0.0
VHC,11:11:18,Buy Up,1000.0,63900.0,0.0
VHC,11:09:06,Buy Up,100.0,63900.0,0.0
VHC,11:08:51,Buy Up,200.0,63900.0,100.0
VHC,11:05:21,Sell Down,100.0,63800.0,0.0
VHC,11:05:21,Sell Down,100.0,63800.0,0.0
VHC,11:05:18,Sell Down,500.0,63800.0,0.0
VHC,11:05:18,Sell Down,200.0,63800.0,0.0
VHC,11:03:50,Buy Up,200.0,63800.0,0.0
VHC,11:03:33,Buy Up,200.0,63800.0,0.0
VHC,11:03:29,Buy Up,100.0,63800.0,0.0
VHC,11:03:03,Buy Up,100.0,63800.0,0.0
VHC,11:03:03,Sell Down,200.0,63800.0,0.0
VHC,11:03:03,Sell Down,200.0,63800.0,0.0
VHC,11:03:03,Sell Down,200.0,63800.0,0.0
VHC,11:03:03,Sell Down,500.0,63800.0,0.0
VHC,11:03:03,Sell Down,100.0,63800.0,0.0
VHC,11:03:03,Sell Down,100.0,63800.0,0.0
VHC,11:03:03,Sell Down,200.0,63800.0,0.0
VHC,11:03:03,Sell Down,100.0,63800.0,0.0
VHC,11:03:03,Sell Down,300.0,63800.0,-100.0
VHC,11:02:34,Buy Up,100.0,63900.0,0.0
VHC,11:02:20,Buy Up,100.0,63900.0,0.0
VHC,11:01:27,Buy Up,200.0,63900.0,100.0
VHC,10:59:33,Buy Up,500.0,63800.0,0.0
VHC,10:59:17,Buy Up,1000.0,63800.0,0.0
VHC,10:59:08,Buy Up,500.0,63800.0,0.0
VHC,10:58:51,Buy Up,500.0,63800.0,0.0
VHC,10:58:51,Buy Up,200.0,63800.0,100.0
VHC,10:57:43,Sell Down,100.0,63700.0,0.0
VHC,10:57:43,Sell Down,2000.0,63700.0,0.0
VHC,10:57:43,Sell Down,200.0,63700.0,0.0
VHC,10:57:43,Sell Down,700.0,63700.0,-100.0
VHC,10:56:06,Buy Up,300.0,63800.0,0.0
VHC,10:55:52,Buy Up,300.0,63800.0,0.0
VHC,10:55:39,Buy Up,500.0,63800.0,100.0
VHC,10:55:36,Sell Down,1300.0,63700.0,0.0
VHC,10:55:36,Sell Down,700.0,63700.0,-100.0
VHC,10:55:12,Buy Up,1000.0,63800.0,0.0
VHC,10:54:36,Buy Up,1000.0,63800.0,0.0
VHC,10:54:36,Buy Up,100.0,63800.0,0.0
VHC,10:54:36,Buy Up,100.0,63800.0,0.0
VHC,10:54:36,Buy Up,300.0,63800.0,0.0
VHC,10:54:36,Buy Up,100.0,63800.0,0.0
VHC,10:54:36,Buy Up,500.0,63800.0,0.0
VHC,10:54:36,Buy Up,500.0,63800.0,0.0
VHC,10:54:36,Buy Up,200.0,63800.0,0.0
VHC,10:54:36,Buy Up,1000.0,63800.0,0.0
VHC,10:54:36,Buy Up,5000.0,63800.0,0.0
VHC,10:54:36,Buy Up,300.0,63800.0,0.0
VHC,10:54:36,Buy Up,100.0,63800.0,0.0
VHC,10:54:36,Buy Up,500.0,63800.0,0.0
VHC,10:54:36,Buy Up,500.0,63800.0,0.0
VHC,10:54:36,Sell Down,200.0,63800.0,0.0
VHC,10:54:36,Sell Down,200.0,63800.0,0.0
VHC,10:54:36,Sell Down,100.0,63800.0,0.0
VHC,10:54:36,Sell Down,100.0,63800.0,0.0
VHC,10:54:36,Sell Down,100.0,63800.0,0.0
VHC,10:54:36,Sell Down,1000.0,63800.0,0.0
VHC,10:54:36,Sell Down,1000.0,63800.0,0.0
VHC,10:54:36,Sell Down,500.0,63800.0,0.0
VHC,10:54:36,Sell Down,2000.0,63800.0,0.0
VHC,10:54:36,Sell Down,100.0,63800.0,0.0
VHC,10:54:36,Sell Down,1000.0,63800.0,0.0
VHC,10:54:36,Sell Down,4000.0,63800.0,0.0
VHC,10:54:36,Sell Down,1000.0,63800.0,0.0
VHC,10:54:36,Sell Down,2000.0,63800.0,0.0
VHC,10:54:36,Sell Down,200.0,63800.0,0.0
VHC,10:54:36,Sell Down,2000.0,63800.0,0.0
VHC,10:54:36,Sell Down,100.0,63800.0,0.0
VHC,10:54:36,Sell Down,100.0,63800.0,0.0
VHC,10:54:36,Sell Down,100.0,63800.0,0.0
VHC,10:54:36,Sell Down,200.0,63800.0,0.0
VHC,10:54:36,Sell Down,1000.0,63800.0,0.0
VHC,10:54:36,Sell Down,100.0,63800.0,0.0
VHC,10:54:36,Sell Down,100.0,63800.0,0.0
VHC,10:54:36,Sell Down,1000.0,63800.0,0.0
VHC,10:54:36,Sell Down,100.0,63800.0,0.0
VHC,10:54:36,Sell Down,1000.0,63800.0,0.0
VHC,10:54:36,Sell Down,500.0,63800.0,0.0
VHC,10:54:36,Sell Down,200.0,63800.0,0.0
VHC,10:54:36,Sell Down,1000.0,63800.0,0.0
VHC,10:54:36,Sell Down,100.0,63800.0,0.0
VHC,10:54:36,Sell Down,100.0,63800.0,0.0
VHC,10:54:36,Sell Down,1000.0,63800.0,0.0
VHC,10:54:36,Sell Down,300.0,63800.0,0.0
VHC,10:54:25,Sell Down,200.0,63800.0,0.0
VHC,10:54:25,Sell Down,100.0,63800.0,0.0
VHC,10:53:46,Sell Down,100.0,63800.0,0.0
VHC,10:53:46,Sell Down,200.0,63800.0,0.0
VHC,10:53:46,Sell Down,500.0,63800.0,0.0
VHC,10:53:46,Sell Down,200.0,63800.0,0.0
VHC,10:52:56,Sell Down,200.0,63800.0,0.0
VHC,10:51:59,Sell Down,100.0,63800.0,-100.0
VHC,10:50:21,Buy Up,100.0,63900.0,0.0
VHC,10:49:51,Buy Up,2000.0,63900.0,0.0
VHC,10:49:36,Buy Up,1000.0,63900.0,0.0
VHC,10:49:08,Buy Up,200.0,63900.0,0.0
VHC,10:48:56,Buy Up,100.0,63900.0,0.0
VHC,10:48:16,Buy Up,100.0,63900.0,0.0
VHC,10:45:13,Buy Up,1000.0,63900.0,0.0
VHC,10:45:05,Buy Up,200.0,63900.0,0.0
VHC,10:44:30,Buy Up,100.0,63900.0,0.0
VHC,10:44:30,Buy Up,900.0,63900.0,0.0
VHC,10:43:48,Buy Up,800.0,63900.0,0.0
VHC,10:43:18,Buy Up,1000.0,63900.0,0.0
VHC,10:42:53,Buy Up,200.0,63900.0,0.0
VHC,10:42:40,Buy Up,3000.0,63900.0,0.0
VHC,10:42:34,Buy Up,100.0,63900.0,0.0
VHC,10:42:29,Sell Down,100.0,63900.0,0.0
VHC,10:42:29,Sell Down,1000.0,63900.0,0.0
VHC,10:42:29,Sell Down,300.0,63900.0,0.0
VHC,10:42:29,Sell Down,400.0,63900.0,0.0
VHC,10:42:29,Sell Down,100.0,63900.0,0.0
VHC,10:42:29,Sell Down,1000.0,63900.0,0.0
VHC,10:42:29,Sell Down,1000.0,63900.0,0.0
VHC,10:42:29,Sell Down,1000.0,63900.0,0.0
VHC,10:42:29,Sell Down,100.0,63900.0,0.0
VHC,10:42:29,Sell Down,200.0,63900.0,0.0
VHC,10:42:29,Sell Down,100.0,63900.0,0.0
VHC,10:42:29,Sell Down,500.0,63900.0,0.0
VHC,10:42:29,Sell Down,200.0,63900.0,0.0
VHC,10:42:29,Sell Down,1000.0,63900.0,0.0
VHC,10:42:29,Sell Down,400.0,63900.0,0.0
VHC,10:42:29,Sell Down,300.0,63900.0,0.0
VHC,10:42:29,Sell Down,100.0,63900.0,0.0
VHC,10:42:29,Sell Down,400.0,63900.0,0.0
VHC,10:42:29,Sell Down,3000.0,63900.0,0.0
VHC,10:42:29,Sell Down,1500.0,63900.0,0.0
VHC,10:42:29,Sell Down,100.0,63900.0,0.0
VHC,10:42:29,Sell Down,100.0,63900.0,0.0
VHC,10:42:29,Sell Down,500.0,63900.0,0.0
VHC,10:42:29,Sell Down,600.0,63900.0,0.0
VHC,10:40:51,Sell Down,900.0,63900.0,-100.0
VHC,10:40:28,Buy Up,700.0,64000.0,0.0
VHC,10:40:12,Buy Up,300.0,64000.0,100.0
VHC,10:39:11,Sell Down,1000.0,63900.0,0.0
VHC,10:38:53,Sell Down,900.0,63900.0,0.0
VHC,10:38:48,Sell Down,200.0,63900.0,0.0
VHC,10:37:56,Sell Down,3000.0,63900.0,0.0
VHC,10:37:26,Sell Down,100.0,63900.0,0.0
VHC,10:37:26,Sell Down,800.0,63900.0,0.0
VHC,10:36:11,Sell Down,200.0,63900.0,0.0
VHC,10:36:11,Sell Down,1000.0,63900.0,0.0
VHC,10:36:11,Sell Down,1000.0,63900.0,0.0
VHC,10:36:11,Sell Down,100.0,63900.0,0.0
VHC,10:36:11,Sell Down,100.0,63900.0,0.0
VHC,10:36:10,Sell Down,3700.0,63900.0,0.0
VHC,10:35:47,Sell Down,900.0,63900.0,0.0
VHC,10:33:53,Sell Down,400.0,63900.0,0.0
VHC,10:33:53,Sell Down,100.0,63900.0,0.0
VHC,10:33:53,Sell Down,100.0,63900.0,0.0
VHC,10:33:53,Sell Down,100.0,63900.0,0.0
VHC,10:33:53,Sell Down,100.0,63900.0,0.0
VHC,10:33:53,Sell Down,100.0,63900.0,0.0
VHC,10:33:53,Sell Down,5000.0,63900.0,0.0
VHC,10:33:53,Sell Down,100.0,63900.0,0.0
VHC,10:31:45,Sell Down,200.0,63900.0,0.0
VHC,10:31:45,Sell Down,200.0,63900.0,0.0
VHC,10:31:45,Sell Down,400.0,63900.0,0.0
VHC,10:31:05,Sell Down,600.0,63900.0,0.0
VHC,10:31:05,Sell Down,300.0,63900.0,0.0
VHC,10:30:56,Sell Down,100.0,63900.0,-100.0
VHC,10:30:05,Buy Up,200.0,64000.0,0.0
VHC,10:29:06,Buy Up,200.0,64000.0,0.0
VHC,10:28:11,Buy Up,3300.0,64000.0,0.0
VHC,10:28:11,Buy Up,1700.0,64000.0,100.0
VHC,10:28:01,Sell Down,100.0,63900.0,0.0
VHC,10:28:01,Sell Down,100.0,63900.0,-100.0
VHC,10:27:47,Buy Up,100.0,64000.0,0.0
VHC,10:27:00,Buy Up,500.0,64000.0,0.0
VHC,10:26:15,Buy Up,700.0,64000.0,0.0
VHC,10:26:15,Buy Up,300.0,64000.0,100.0
VHC,10:26:09,Sell Down,500.0,63900.0,0.0
VHC,10:26:09,Sell Down,900.0,63900.0,-100.0
VHC,10:25:26,Buy Up,200.0,64000.0,0.0
VHC,10:24:46,Buy Up,100.0,64000.0,0.0
VHC,10:24:37,Buy Up,1000.0,64000.0,100.0
VHC,10:24:17,Sell Down,100.0,63900.0,0.0
VHC,10:24:17,Sell Down,600.0,63900.0,0.0
VHC,10:24:17,Sell Down,100.0,63900.0,-100.0
VHC,10:24:00,Buy Up,200.0,64000.0,100.0
VHC,10:23:53,Sell Down,100.0,63900.0,0.0
VHC,10:23:38,Sell Down,600.0,63900.0,-100.0
VHC,10:23:34,Buy Up,100.0,64000.0,0.0
VHC,10:22:45,Buy Up,100.0,64000.0,100.0
VHC,10:22:23,Sell Down,100.0,63900.0,-100.0
VHC,10:22:21,Buy Up,1500.0,64000.0,100.0
VHC,10:21:55,Sell Down,200.0,63900.0,0.0
VHC,10:21:55,Sell Down,200.0,63900.0,0.0
VHC,10:21:55,Sell Down,200.0,63900.0,0.0
VHC,10:21:55,Sell Down,200.0,63900.0,-100.0
VHC,10:21:46,Buy Up,500.0,64000.0,0.0
VHC,10:21:37,Sell Down,200.0,64000.0,0.0
VHC,10:21:26,Sell Down,300.0,64000.0,0.0
VHC,10:21:26,Sell Down,400.0,64000.0,0.0
VHC,10:21:26,Sell Down,200.0,64000.0,0.0
VHC,10:21:26,Sell Down,100.0,64000.0,0.0
VHC,10:20:44,Sell Down,200.0,64000.0,0.0
VHC,10:20:44,Sell Down,400.0,64000.0,0.0
VHC,10:20:32,Sell Down,100.0,64000.0,0.0
VHC,10:20:32,Sell Down,100.0,64000.0,0.0
VHC,10:20:32,Sell Down,100.0,64000.0,0.0
VHC,10:20:32,Sell Down,200.0,64000.0,0.0
VHC,10:20:32,Sell Down,2500.0,64000.0,0.0
VHC,10:20:13,Sell Down,200.0,64000.0,0.0
VHC,10:20:00,Sell Down,2300.0,64000.0,0.0
VHC,10:20:00,Sell Down,2000.0,64000.0,0.0
VHC,10:20:00,Sell Down,100.0,64000.0,0.0
VHC,10:20:00,Sell Down,500.0,64000.0,0.0
VHC,10:20:00,Sell Down,6000.0,64000.0,0.0
VHC,10:20:00,Sell Down,2000.0,64000.0,0.0
VHC,10:20:00,Sell Down,1000.0,64000.0,0.0
VHC,10:20:00,Sell Down,500.0,64000.0,0.0
VHC,10:20:00,Sell Down,500.0,64000.0,0.0
VHC,10:20:00,Sell Down,3000.0,64000.0,0.0
VHC,10:20:00,Sell Down,100.0,64000.0,0.0
VHC,10:20:00,Sell Down,200.0,64000.0,0.0
VHC,10:20:00,Sell Down,100.0,64000.0,0.0
VHC,10:20:00,Sell Down,500.0,64000.0,0.0
VHC,10:20:00,Sell Down,800.0,64000.0,-100.0
VHC,10:20:00,Sell Down,100.0,64100.0,100.0
VHC,10:19:44,Sell Down,500.0,64000.0,-100.0
VHC,10:19:44,Buy Up,100.0,64100.0,0.0
VHC,10:19:44,Buy Up,100.0,64100.0,0.0
VHC,10:19:44,Buy Up,100.0,64100.0,0.0
VHC,10:19:13,Buy Up,100.0,64100.0,100.0
VHC,10:18:35,Sell Down,3700.0,64000.0,0.0
VHC,10:18:35,Sell Down,1000.0,64000.0,0.0
VHC,10:18:35,Sell Down,1000.0,64000.0,0.0
VHC,10:18:35,Sell Down,100.0,64000.0,0.0
VHC,10:18:35,Sell Down,500.0,64000.0,0.0
VHC,10:18:35,Sell Down,1400.0,64000.0,-100.0
VHC,10:18:26,Sell Down,100.0,64100.0,100.0
VHC,10:17:37,Sell Down,100.0,64000.0,0.0
VHC,10:17:20,Sell Down,600.0,64000.0,-100.0
VHC,10:17:09,Buy Up,100.0,64100.0,0.0
VHC,10:16:50,Sell Down,200.0,64100.0,0.0
VHC,10:16:50,Sell Down,200.0,64100.0,0.0
VHC,10:16:50,Sell Down,200.0,64100.0,0.0
VHC,10:16:50,Sell Down,100.0,64100.0,0.0
VHC,10:16:50,Sell Down,100.0,64100.0,0.0
VHC,10:15:18,Sell Down,800.0,64100.0,0.0
VHC,10:14:13,Sell Down,600.0,64100.0,0.0
VHC,10:13:57,Sell Down,600.0,64100.0,0.0
VHC,10:13:16,Sell Down,800.0,64100.0,0.0
VHC,10:12:45,Sell Down,100.0,64100.0,100.0
VHC,10:12:08,Sell Down,1000.0,64000.0,0.0
VHC,10:11:31,Sell Down,200.0,64000.0,0.0
VHC,10:10:53,Sell Down,800.0,64000.0,0.0
VHC,10:10:51,Sell Down,400.0,64000.0,0.0
VHC,10:10:51,Sell Down,100.0,64000.0,0.0
VHC,10:10:51,Sell Down,500.0,64000.0,0.0
VHC,10:10:38,Sell Down,100.0,64000.0,0.0
VHC,10:10:38,Sell Down,400.0,64000.0,-100.0
VHC,10:10:38,Sell Down,200.0,64100.0,100.0
VHC,10:10:27,Sell Down,300.0,64000.0,0.0
VHC,10:10:27,Sell Down,100.0,64000.0,0.0
VHC,10:10:27,Sell Down,600.0,64000.0,0.0
VHC,10:10:15,Sell Down,100.0,64000.0,0.0
VHC,10:10:09,Sell Down,300.0,64000.0,0.0
VHC,10:10:09,Sell Down,500.0,64000.0,0.0
VHC,10:10:09,Sell Down,100.0,64000.0,0.0
VHC,10:10:09,Sell Down,100.0,64000.0,0.0
VHC,10:10:03,Sell Down,500.0,64000.0,0.0
VHC,10:10:03,Sell Down,400.0,64000.0,-100.0
VHC,10:10:03,Buy Up,100.0,64100.0,0.0
VHC,10:09:50,Buy Up,100.0,64100.0,0.0
VHC,10:09:24,Sell Down,500.0,64100.0,0.0
VHC,10:09:15,Sell Down,400.0,64100.0,0.0
VHC,10:09:15,Sell Down,400.0,64100.0,0.0
VHC,10:09:15,Sell Down,1600.0,64100.0,0.0
VHC,10:09:14,Sell Down,400.0,64100.0,0.0
VHC,10:09:14,Sell Down,500.0,64100.0,0.0
VHC,10:09:14,Sell Down,100.0,64100.0,0.0
VHC,10:09:11,Sell Down,100.0,64100.0,0.0
VHC,10:08:55,Sell Down,300.0,64100.0,0.0
VHC,10:08:55,Sell Down,700.0,64100.0,0.0
VHC,10:08:48,Sell Down,100.0,64100.0,0.0
VHC,10:08:40,Sell Down,100.0,64100.0,0.0
VHC,10:08:31,Sell Down,1000.0,64100.0,-100.0
VHC,10:08:22,Buy Up,1200.0,64200.0,0.0
VHC,10:08:22,Buy Up,200.0,64200.0,0.0
VHC,10:08:22,Buy Up,100.0,64200.0,100.0
VHC,10:08:17,Sell Down,800.0,64100.0,0.0
VHC,10:07:59,Sell Down,200.0,64100.0,0.0
VHC,10:07:59,Sell Down,200.0,64100.0,0.0
VHC,10:07:59,Sell Down,200.0,64100.0,0.0
VHC,10:07:59,Sell Down,400.0,64100.0,0.0
VHC,10:07:47,Sell Down,100.0,64100.0,0.0
VHC,10:07:38,Sell Down,100.0,64100.0,0.0
VHC,10:07:24,Sell Down,400.0,64100.0,0.0
VHC,10:07:24,Sell Down,100.0,64100.0,0.0
VHC,10:07:24,Sell Down,100.0,64100.0,0.0
VHC,10:07:24,Sell Down,100.0,64100.0,0.0
VHC,10:07:24,Sell Down,300.0,64100.0,0.0
VHC,10:07:07,Sell Down,1000.0,64100.0,0.0
VHC,10:07:00,Sell Down,1000.0,64100.0,0.0
VHC,10:06:59,Sell Down,600.0,64100.0,-100.0
VHC,10:06:55,Sell Down,400.0,64200.0,0.0
VHC,10:06:53,Sell Down,200.0,64200.0,0.0
VHC,10:06:51,Sell Down,100.0,64200.0,0.0
VHC,10:06:42,Buy Up,300.0,64200.0,100.0
VHC,10:06:32,Sell Down,700.0,64100.0,0.0
VHC,10:06:32,Sell Down,100.0,64100.0,-100.0
VHC,10:06:31,Buy Up,300.0,64200.0,0.0
VHC,10:06:30,Buy Up,400.0,64200.0,0.0
VHC,10:06:27,Sell Down,100.0,64200.0,0.0
VHC,10:06:05,Buy Up,200.0,64200.0,0.0
VHC,10:06:00,Sell Down,100.0,64200.0,0.0
VHC,10:05:48,Sell Down,200.0,64200.0,100.0
VHC,10:04:32,Sell Down,900.0,64100.0,0.0
VHC,10:04:32,Sell Down,100.0,64100.0,0.0
VHC,10:04:11,Sell Down,200.0,64100.0,0.0
VHC,10:03:59,Sell Down,300.0,64100.0,-100.0
VHC,10:03:54,Buy Up,400.0,64200.0,0.0
VHC,10:03:43,Sell Down,600.0,64200.0,0.0
VHC,10:03:22,Sell Down,200.0,64200.0,0.0
VHC,10:03:22,Sell Down,600.0,64200.0,0.0
VHC,10:02:59,Sell Down,900.0,64200.0,0.0
VHC,10:02:59,Sell Down,400.0,64200.0,0.0
VHC,10:02:59,Sell Down,700.0,64200.0,-100.0
VHC,10:02:55,Buy Up,400.0,64300.0,100.0
VHC,10:02:15,Sell Down,100.0,64200.0,0.0
VHC,10:01:48,Sell Down,200.0,64200.0,-100.0
VHC,10:01:37,Sell Down,1000.0,64300.0,0.0
VHC,10:01:37,Sell Down,1000.0,64300.0,0.0
VHC,10:01:37,Sell Down,1000.0,64300.0,0.0
VHC,10:01:37,Sell Down,400.0,64300.0,0.0
VHC,10:01:26,Sell Down,600.0,64300.0,0.0
VHC,10:01:26,Sell Down,400.0,64300.0,0.0
VHC,10:00:40,Sell Down,200.0,64300.0,0.0
VHC,10:00:40,Sell Down,500.0,64300.0,-100.0
VHC,10:00:29,Buy Up,100.0,64400.0,100.0
VHC,10:00:01,Sell Down,1000.0,64300.0,0.0
VHC,09:59:08,Sell Down,200.0,64300.0,0.0
VHC,09:59:08,Sell Down,1000.0,64300.0,0.0
VHC,09:59:08,Sell Down,100.0,64300.0,0.0
VHC,09:59:08,Sell Down,2000.0,64300.0,0.0
VHC,09:59:08,Buy Up,1700.0,64300.0,0.0
VHC,09:59:07,Buy Up,1000.0,64300.0,100.0
VHC,09:58:44,Sell Down,1000.0,64200.0,0.0
VHC,09:58:42,Buy Up,100.0,64200.0,0.0
VHC,09:58:42,Buy Up,700.0,64200.0,0.0
VHC,09:58:42,Buy Up,400.0,64200.0,0.0
VHC,09:58:42,Buy Up,700.0,64200.0,0.0
VHC,09:58:36,Buy Up,600.0,64200.0,0.0
VHC,09:58:08,Buy Up,600.0,64200.0,0.0
VHC,09:58:08,Buy Up,900.0,64200.0,100.0
VHC,09:57:57,Sell Down,400.0,64100.0,0.0
VHC,09:57:57,Sell Down,600.0,64100.0,0.0
VHC,09:56:53,Sell Down,900.0,64100.0,-100.0
VHC,09:55:37,Buy Up,100.0,64200.0,0.0
VHC,09:55:37,Buy Up,100.0,64200.0,0.0
VHC,09:55:08,Buy Up,900.0,64200.0,0.0
VHC,09:55:06,Sell Down,100.0,64200.0,0.0
VHC,09:54:44,Buy Up,200.0,64200.0,0.0
VHC,09:54:32,Buy Up,700.0,64200.0,0.0
VHC,09:54:32,Buy Up,100.0,64200.0,0.0
VHC,09:54:13,Buy Up,200.0,64200.0,200.0
VHC,09:53:29,Sell Down,1000.0,64000.0,0.0
VHC,09:53:29,Sell Down,1100.0,64000.0,0.0
VHC,09:53:28,Sell Down,900.0,64000.0,0.0
VHC,09:53:28,Sell Down,100.0,64000.0,0.0
VHC,09:53:28,Sell Down,100.0,64000.0,0.0
VHC,09:53:28,Sell Down,1500.0,64000.0,0.0
VHC,09:53:28,Sell Down,1000.0,64000.0,0.0
VHC,09:53:28,Sell Down,100.0,64000.0,0.0
VHC,09:53:28,Sell Down,200.0,64000.0,0.0
VHC,09:53:28,Sell Down,100.0,64000.0,0.0
VHC,09:52:33,Sell Down,300.0,64000.0,-200.0
VHC,09:51:57,Buy Up,100.0,64200.0,200.0
VHC,09:50:10,Sell Down,200.0,64000.0,0.0
VHC,09:50:10,Sell Down,200.0,64000.0,0.0
VHC,09:50:10,Sell Down,1000.0,64000.0,0.0
VHC,09:50:10,Sell Down,500.0,64000.0,0.0
VHC,09:50:10,Sell Down,500.0,64000.0,0.0
VHC,09:50:10,Sell Down,100.0,64000.0,0.0
VHC,09:50:10,Sell Down,100.0,64000.0,0.0
VHC,09:50:10,Sell Down,1200.0,64000.0,0.0
VHC,09:50:10,Sell Down,1000.0,64000.0,0.0
VHC,09:50:10,Sell Down,1000.0,64000.0,0.0
VHC,09:50:10,Sell Down,800.0,64000.0,0.0
VHC,09:50:10,Sell Down,500.0,64000.0,0.0
VHC,09:50:10,Sell Down,100.0,64000.0,0.0
VHC,09:50:10,Sell Down,500.0,64000.0,0.0
VHC,09:50:10,Sell Down,300.0,64000.0,0.0
VHC,09:50:10,Sell Down,200.0,64000.0,0.0
VHC,09:50:10,Sell Down,300.0,64000.0,0.0
VHC,09:50:10,Sell Down,200.0,64000.0,0.0
VHC,09:50:10,Sell Down,300.0,64000.0,0.0
VHC,09:50:10,Sell Down,200.0,64000.0,0.0
VHC,09:50:10,Sell Down,600.0,64000.0,0.0
VHC,09:50:10,Sell Down,1000.0,64000.0,0.0
VHC,09:50:10,Sell Down,1000.0,64000.0,0.0
VHC,09:50:10,Sell Down,1000.0,64000.0,0.0
VHC,09:50:10,Sell Down,1200.0,64000.0,-100.0
VHC,09:50:10,Sell Down,700.0,64100.0,-100.0
VHC,09:50:10,Sell Down,100.0,64200.0,0.0
VHC,09:50:10,Sell Down,500.0,64200.0,0.0
VHC,09:50:10,Sell Down,1000.0,64200.0,0.0
VHC,09:50:10,Sell Down,1000.0,64200.0,0.0
VHC,09:50:10,Sell Down,300.0,64200.0,0.0
VHC,09:50:10,Sell Down,500.0,64200.0,0.0
VHC,09:50:10,Sell Down,1000.0,64200.0,0.0
VHC,09:50:10,Sell Down,500.0,64200.0,0.0
VHC,09:50:10,Sell Down,400.0,64200.0,0.0
VHC,09:50:08,Sell Down,100.0,64200.0,0.0
VHC,09:50:08,Sell Down,1000.0,64200.0,0.0
VHC,09:50:08,Sell Down,900.0,64200.0,0.0
VHC,09:49:37,Sell Down,100.0,64200.0,0.0
VHC,09:49:37,Sell Down,300.0,64200.0,0.0
VHC,09:49:37,Sell Down,100.0,64200.0,0.0
VHC,09:48:45,Sell Down,200.0,64200.0,-100.0
VHC,09:48:29,Buy Up,100.0,64300.0,0.0
VHC,09:48:29,Sell Down,200.0,64300.0,0.0
VHC,09:48:09,Sell Down,100.0,64300.0,0.0
VHC,09:47:26,Buy Up,1000.0,64300.0,0.0
VHC,09:47:23,Buy Up,900.0,64300.0,0.0
VHC,09:47:23,Buy Up,100.0,64300.0,0.0
VHC,09:47:02,Buy Up,200.0,64300.0,100.0
VHC,09:45:32,Sell Down,300.0,64200.0,-100.0
VHC,09:45:18,Buy Up,300.0,64300.0,0.0
VHC,09:45:08,Buy Up,400.0,64300.0,0.0
VHC,09:45:08,Buy Up,100.0,64300.0,0.0
VHC,09:45:08,Buy Up,400.0,64300.0,0.0
VHC,09:44:39,Buy Up,200.0,64300.0,0.0
VHC,09:44:25,Buy Up,100.0,64300.0,0.0
VHC,09:44:24,Buy Up,900.0,64300.0,0.0
VHC,09:44:16,Sell Down,500.0,64300.0,0.0
VHC,09:44:16,Sell Down,800.0,64300.0,0.0
VHC,09:43:45,Buy Up,1200.0,64300.0,0.0
VHC,09:43:27,Buy Up,500.0,64300.0,0.0
VHC,09:43:06,Buy Up,100.0,64300.0,0.0
VHC,09:42:21,Sell Down,200.0,64300.0,-100.0
VHC,09:42:00,Buy Up,100.0,64400.0,0.0
VHC,09:42:00,Buy Up,700.0,64400.0,100.0
VHC,09:41:54,Sell Down,2000.0,64300.0,0.0
VHC,09:41:44,Sell Down,100.0,64300.0,0.0
VHC,09:41:44,Sell Down,1000.0,64300.0,0.0
VHC,09:41:36,Buy Up,100.0,64300.0,0.0
VHC,09:41:14,Buy Up,200.0,64300.0,0.0
VHC,09:40:36,Buy Up,400.0,64300.0,0.0
VHC,09:40:31,Buy Up,200.0,64300.0,0.0
VHC,09:40:30,Buy Up,100.0,64300.0,0.0
VHC,09:40:30,Buy Up,400.0,64300.0,0.0
VHC,09:40:25,Buy Up,100.0,64300.0,0.0
VHC,09:40:01,Buy Up,100.0,64300.0,0.0
VHC,09:40:01,Buy Up,500.0,64300.0,0.0
VHC,09:39:52,Buy Up,400.0,64300.0,0.0
VHC,09:39:52,Buy Up,100.0,64300.0,0.0
VHC,09:39:52,Sell Down,100.0,64300.0,0.0
VHC,09:39:52,Sell Down,100.0,64300.0,-100.0
VHC,09:39:28,Buy Up,300.0,64400.0,0.0
VHC,09:39:28,Buy Up,100.0,64400.0,100.0
VHC,09:39:08,Sell Down,800.0,64300.0,0.0
VHC,09:38:52,Buy Up,1200.0,64300.0,-200.0
VHC,09:38:31,Buy Up,800.0,64500.0,200.0
VHC,09:38:31,Buy Up,900.0,64300.0,-100.0
VHC,09:38:18,Sell Down,600.0,64400.0,0.0
VHC,09:38:18,Sell Down,1000.0,64400.0,0.0
VHC,09:38:18,Sell Down,100.0,64400.0,0.0
VHC,09:38:18,Sell Down,100.0,64400.0,-100.0
VHC,09:38:18,Sell Down,300.0,64500.0,0.0
VHC,09:38:13,Buy Up,100.0,64500.0,0.0
VHC,09:38:13,Buy Up,100.0,64500.0,0.0
VHC,09:38:13,Buy Up,400.0,64500.0,0.0
VHC,09:38:13,Buy Up,700.0,64500.0,0.0
VHC,09:38:13,Buy Up,500.0,64500.0,0.0
VHC,09:38:13,Buy Up,900.0,64500.0,0.0
VHC,09:38:09,Buy Up,1000.0,64500.0,0.0
VHC,09:38:04,Buy Up,100.0,64500.0,0.0
VHC,09:38:04,Buy Up,100.0,64500.0,0.0
VHC,09:38:00,Buy Up,900.0,64500.0,0.0
VHC,09:38:00,Buy Up,100.0,64500.0,0.0
VHC,09:38:00,Buy Up,100.0,64500.0,0.0
VHC,09:38:00,Buy Up,1900.0,64500.0,0.0
VHC,09:37:55,Buy Up,100.0,64500.0,100.0
VHC,09:37:39,Buy Up,2700.0,64400.0,0.0
VHC,09:37:39,Buy Up,200.0,64400.0,100.0
VHC,09:37:23,Buy Up,200.0,64300.0,0.0
VHC,09:37:23,Buy Up,1800.0,64300.0,0.0
VHC,09:37:11,Buy Up,1000.0,64300.0,100.0
VHC,09:36:57,Sell Down,100.0,64200.0,0.0
VHC,09:36:57,Buy Up,100.0,64200.0,0.0
VHC,09:36:57,Buy Up,100.0,64200.0,0.0
VHC,09:36:57,Buy Up,500.0,64200.0,0.0
VHC,09:36:57,Buy Up,1900.0,64200.0,0.0
VHC,09:36:32,Buy Up,100.0,64200.0,100.0
VHC,09:36:12,Sell Down,100.0,64100.0,0.0
VHC,09:36:07,Buy Up,100.0,64100.0,0.0
VHC,09:36:03,Buy Up,700.0,64100.0,100.0
VHC,09:36:03,Sell Down,5000.0,64000.0,0.0
VHC,09:36:03,Sell Down,3800.0,64000.0,0.0
VHC,09:36:03,Sell Down,200.0,64000.0,0.0
VHC,09:36:03,Sell Down,500.0,64000.0,0.0
VHC,09:36:03,Sell Down,500.0,64000.0,-100.0
VHC,09:36:00,Buy Up,100.0,64100.0,0.0
VHC,09:36:00,Buy Up,100.0,64100.0,0.0
VHC,09:35:51,Buy Up,500.0,64100.0,0.0
VHC,09:35:48,Buy Up,200.0,64100.0,0.0
VHC,09:35:40,Buy Up,400.0,64100.0,0.0
VHC,09:35:39,Buy Up,1200.0,64100.0,0.0
VHC,09:35:29,Buy Up,1600.0,64100.0,0.0
VHC,09:35:29,Buy Up,100.0,64100.0,0.0
VHC,09:35:29,Buy Up,100.0,64100.0,0.0
VHC,09:35:29,Buy Up,100.0,64100.0,100.0
VHC,09:34:56,Buy Up,1000.0,64000.0,0.0
VHC,09:34:56,Buy Up,100.0,64000.0,0.0
VHC,09:34:56,Buy Up,400.0,64000.0,0.0
VHC,09:34:56,Buy Up,1000.0,64000.0,0.0
VHC,09:34:53,Buy Up,500.0,64000.0,0.0
VHC,09:34:41,Buy Up,500.0,64000.0,0.0
VHC,09:34:40,Buy Up,200.0,64000.0,0.0
VHC,09:34:37,Buy Up,1000.0,64000.0,0.0
VHC,09:34:35,Buy Up,400.0,64000.0,0.0
VHC,09:34:25,Buy Up,400.0,64000.0,0.0
VHC,09:34:20,Buy Up,100.0,64000.0,0.0
VHC,09:34:15,Buy Up,600.0,64000.0,0.0
VHC,09:34:00,Buy Up,100.0,64000.0,0.0
VHC,09:33:50,Buy Up,100.0,64000.0,0.0
VHC,09:33:40,Buy Up,100.0,64000.0,0.0
VHC,09:33:40,Buy Up,1000.0,64000.0,0.0
VHC,09:33:39,Buy Up,100.0,64000.0,0.0
VHC,09:33:39,Buy Up,500.0,64000.0,0.0
VHC,09:33:39,Buy Up,100.0,64000.0,0.0
VHC,09:33:39,Buy Up,300.0,64000.0,0.0
VHC,09:33:39,Buy Up,300.0,64000.0,0.0
VHC,09:33:34,Buy Up,300.0,64000.0,0.0
VHC,09:33:34,Buy Up,200.0,64000.0,0.0
VHC,09:33:32,Buy Up,500.0,64000.0,0.0
VHC,09:33:32,Buy Up,1300.0,64000.0,0.0
VHC,09:33:32,Buy Up,700.0,64000.0,0.0
VHC,09:33:28,Buy Up,1000.0,64000.0,0.0
VHC,09:33:23,Buy Up,1000.0,64000.0,0.0
VHC,09:33:20,Buy Up,300.0,64000.0,0.0
VHC,09:33:20,Buy Up,400.0,64000.0,0.0
VHC,09:33:20,Buy Up,400.0,64000.0,0.0
VHC,09:33:13,Buy Up,500.0,64000.0,100.0
VHC,09:33:11,Buy Up,100.0,63900.0,0.0
VHC,09:33:11,Buy Up,600.0,63900.0,0.0
VHC,09:33:11,Buy Up,2500.0,63900.0,0.0
VHC,09:33:11,Buy Up,900.0,63900.0,0.0
VHC,09:33:04,Buy Up,100.0,63900.0,0.0
VHC,09:33:04,Buy Up,900.0,63900.0,100.0
VHC,09:33:00,Sell Down,1800.0,63800.0,-100.0
VHC,09:33:00,Buy Up,100.0,63900.0,0.0
VHC,09:32:53,Buy Up,100.0,63900.0,0.0
VHC,09:32:51,Buy Up,1000.0,63900.0,100.0
VHC,09:32:28,Sell Down,100.0,63800.0,0.0
VHC,09:32:28,Sell Down,800.0,63800.0,0.0
VHC,09:32:28,Sell Down,400.0,63800.0,0.0
VHC,09:32:13,Sell Down,200.0,63800.0,0.0
VHC,09:32:13,Sell Down,800.0,63800.0,100.0
VHC,09:31:55,Sell Down,300.0,63700.0,0.0
VHC,09:31:55,Sell Down,100.0,63700.0,0.0
VHC,09:31:55,Sell Down,100.0,63700.0,-100.0
VHC,09:31:47,Buy Up,300.0,63800.0,0.0
VHC,09:31:40,Buy Up,1400.0,63800.0,0.0
VHC,09:31:37,Buy Up,8000.0,63800.0,100.0
VHC,09:31:27,Sell Down,200.0,63700.0,-100.0
VHC,09:31:19,Buy Up,1500.0,63800.0,0.0
VHC,09:31:15,Sell Down,100.0,63800.0,0.0
VHC,09:31:15,Sell Down,500.0,63800.0,0.0
VHC,09:31:15,Sell Down,100.0,63800.0,0.0
VHC,09:31:15,Sell Down,1700.0,63800.0,0.0
VHC,09:31:15,Sell Down,200.0,63800.0,0.0
VHC,09:31:15,Sell Down,100.0,63800.0,0.0
VHC,09:31:15,Sell Down,300.0,63800.0,0.0
VHC,09:31:15,Sell Down,100.0,63800.0,0.0
VHC,09:31:15,Sell Down,500.0,63800.0,0.0
VHC,09:31:15,Sell Down,100.0,63800.0,0.0
VHC,09:31:15,Sell Down,100.0,63800.0,0.0
VHC,09:31:15,Sell Down,300.0,63800.0,0.0
VHC,09:31:15,Sell Down,300.0,63800.0,0.0
VHC,09:31:15,Sell Down,200.0,63800.0,0.0
VHC,09:31:15,Sell Down,1400.0,63800.0,0.0
VHC,09:31:12,Sell Down,600.0,63800.0,0.0
VHC,09:31:12,Sell Down,400.0,63800.0,0.0
VHC,09:31:08,Sell Down,500.0,63800.0,0.0
VHC,09:31:08,Sell Down,1700.0,63800.0,0.0
VHC,09:31:08,Sell Down,800.0,63800.0,0.0
VHC,09:30:55,Sell Down,2200.0,63800.0,0.0
VHC,09:30:55,Sell Down,100.0,63800.0,0.0
VHC,09:30:55,Sell Down,100.0,63800.0,0.0
VHC,09:30:55,Sell Down,8600.0,63800.0,0.0
VHC,09:30:50,Sell Down,100.0,63800.0,0.0
VHC,09:30:42,Sell Down,500.0,63800.0,0.0
VHC,09:30:21,Sell Down,100.0,63800.0,0.0
VHC,09:30:02,Sell Down,3500.0,63800.0,0.0
VHC,09:29:56,Sell Down,1000.0,63800.0,-100.0
VHC,09:29:48,Buy Up,100.0,63900.0,0.0
VHC,09:29:45,Buy Up,600.0,63900.0,100.0
VHC,09:29:43,Sell Down,200.0,63800.0,-100.0
VHC,09:29:40,Buy Up,200.0,63900.0,0.0
VHC,09:29:34,Buy Up,200.0,63900.0,0.0
VHC,09:29:21,Buy Up,1000.0,63900.0,0.0
VHC,09:29:20,Buy Up,200.0,63900.0,0.0
VHC,09:29:07,Sell Down,100.0,63900.0,-100.0
VHC,09:29:00,Buy Up,100.0,64000.0,100.0
VHC,09:29:00,Buy Up,900.0,63900.0,0.0
VHC,09:29:00,Buy Up,400.0,63900.0,0.0
VHC,09:28:52,Sell Down,700.0,63900.0,0.0
VHC,09:28:52,Sell Down,1200.0,63900.0,0.0
VHC,09:28:47,Sell Down,500.0,63900.0,0.0
VHC,09:28:47,Sell Down,300.0,63900.0,0.0
VHC,09:28:47,Sell Down,100.0,63900.0,0.0
VHC,09:28:47,Sell Down,100.0,63900.0,-100.0
VHC,09:28:41,Buy Up,100.0,64000.0,100.0
VHC,09:28:38,Sell Down,500.0,63900.0,0.0
VHC,09:28:36,Sell Down,200.0,63900.0,0.0
VHC,09:28:33,Sell Down,1200.0,63900.0,0.0
VHC,09:28:33,Sell Down,100.0,63900.0,0.0
VHC,09:28:33,Sell Down,1000.0,63900.0,0.0
VHC,09:28:33,Sell Down,100.0,63900.0,0.0
VHC,09:28:33,Sell Down,200.0,63900.0,0.0
VHC,09:28:33,Sell Down,300.0,63900.0,0.0
VHC,09:28:33,Sell Down,100.0,63900.0,0.0
VHC,09:28:27,Sell Down,200.0,63900.0,0.0
VHC,09:28:27,Sell Down,1000.0,63900.0,0.0
VHC,09:28:09,Sell Down,100.0,63900.0,0.0
VHC,09:27:50,Sell Down,2000.0,63900.0,0.0
VHC,09:27:49,Sell Down,100.0,63900.0,0.0
VHC,09:27:38,Sell Down,200.0,63900.0,0.0
VHC,09:26:17,Sell Down,100.0,63900.0,0.0
VHC,09:25:57,Sell Down,400.0,63900.0,0.0
VHC,09:25:51,Buy Up,100.0,63900.0,0.0
VHC,09:25:51,Buy Up,100.0,63900.0,0.0
VHC,09:25:51,Buy Up,100.0,63900.0,0.0
VHC,09:25:51,Buy Up,1000.0,63900.0,0.0
VHC,09:25:44,Buy Up,200.0,63900.0,100.0
VHC,09:25:41,Sell Down,9000.0,63800.0,0.0
VHC,09:25:41,Sell Down,200.0,63800.0,0.0
VHC,09:25:41,Sell Down,100.0,63800.0,0.0
VHC,09:25:41,Sell Down,10000.0,63800.0,0.0
VHC,09:25:41,Sell Down,100.0,63800.0,0.0
VHC,09:25:41,Sell Down,1000.0,63800.0,-100.0
VHC,09:25:40,Buy Up,1100.0,63900.0,0.0
VHC,09:25:22,Buy Up,100.0,63900.0,0.0
VHC,09:25:22,Buy Up,100.0,63900.0,0.0
VHC,09:25:22,Buy Up,3000.0,63900.0,0.0
VHC,09:25:22,Buy Up,3000.0,63900.0,0.0
VHC,09:25:22,Buy Up,200.0,63900.0,0.0
VHC,09:25:22,Buy Up,100.0,63900.0,-100.0
VHC,09:25:19,Buy Up,100.0,64000.0,0.0
VHC,09:25:19,Buy Up,900.0,64000.0,0.0
VHC,09:25:00,Buy Up,100.0,64000.0,0.0
VHC,09:24:39,Buy Up,500.0,64000.0,0.0
VHC,09:24:39,Buy Up,200.0,64000.0,0.0
VHC,09:24:37,Buy Up,1300.0,64000.0,0.0
VHC,09:24:30,Sell Down,500.0,64000.0,0.0
VHC,09:24:30,Sell Down,1200.0,64000.0,0.0
VHC,09:24:29,Buy Up,300.0,64000.0,0.0
VHC,09:24:23,Buy Up,100.0,64000.0,0.0
VHC,09:24:20,Buy Up,100.0,64000.0,0.0
VHC,09:24:18,Buy Up,200.0,64000.0,0.0
VHC,09:24:16,Sell Down,200.0,64000.0,0.0
VHC,09:24:16,Sell Down,400.0,64000.0,0.0
VHC,09:24:03,Sell Down,100.0,64000.0,0.0
VHC,09:24:00,Sell Down,100.0,64000.0,0.0
VHC,09:23:49,Sell Down,2900.0,64000.0,0.0
VHC,09:23:43,Buy Up,300.0,64000.0,0.0
VHC,09:23:41,Buy Up,300.0,64000.0,0.0
VHC,09:23:41,Buy Up,700.0,64000.0,0.0
VHC,09:23:40,Buy Up,100.0,64000.0,0.0
VHC,09:23:35,Buy Up,200.0,64000.0,0.0
VHC,09:23:27,Buy Up,100.0,64000.0,0.0
VHC,09:23:20,Buy Up,500.0,64000.0,0.0
VHC,09:23:20,Buy Up,100.0,64000.0,0.0
VHC,09:23:18,Buy Up,200.0,64000.0,0.0
VHC,09:23:14,Sell Down,100.0,64000.0,0.0
VHC,09:23:14,Sell Down,100.0,64000.0,0.0
VHC,09:23:14,Sell Down,200.0,64000.0,0.0
VHC,09:23:14,Sell Down,100.0,64000.0,0.0
VHC,09:23:14,Sell Down,300.0,64000.0,-100.0
VHC,09:23:09,Buy Up,100.0,64100.0,0.0
VHC,09:23:00,Buy Up,100.0,64100.0,0.0
VHC,09:22:50,Buy Up,800.0,64100.0,0.0
VHC,09:22:40,Buy Up,100.0,64100.0,0.0
VHC,09:22:37,Buy Up,500.0,64100.0,0.0
VHC,09:22:27,Buy Up,100.0,64100.0,0.0
VHC,09:22:20,Buy Up,100.0,64100.0,100.0
VHC,09:22:19,Sell Down,200.0,64000.0,-100.0
VHC,09:22:00,Buy Up,700.0,64100.0,0.0
VHC,09:21:46,Buy Up,500.0,64100.0,0.0
VHC,09:21:45,Buy Up,100.0,64100.0,0.0
VHC,09:21:45,Buy Up,200.0,64100.0,100.0
VHC,09:21:44,Sell Down,1000.0,64000.0,0.0
VHC,09:21:44,Sell Down,1000.0,64000.0,0.0
VHC,09:21:44,Sell Down,800.0,64000.0,0.0
VHC,09:21:44,Sell Down,500.0,64000.0,0.0
VHC,09:21:44,Sell Down,300.0,64000.0,0.0
VHC,09:21:44,Sell Down,400.0,64000.0,-100.0
VHC,09:21:20,Buy Up,100.0,64100.0,0.0
VHC,09:21:07,Buy Up,200.0,64100.0,100.0
VHC,09:21:06,Sell Down,100.0,64000.0,0.0
VHC,09:21:06,Sell Down,900.0,64000.0,0.0
VHC,09:20:58,Sell Down,100.0,64000.0,0.0
VHC,09:20:58,Sell Down,1700.0,64000.0,0.0
VHC,09:20:55,Sell Down,2900.0,64000.0,-100.0
VHC,09:20:49,Buy Up,500.0,64100.0,0.0
VHC,09:20:41,Buy Up,100.0,64100.0,0.0
VHC,09:20:40,Buy Up,100.0,64100.0,0.0
VHC,09:20:40,Buy Up,200.0,64100.0,0.0
VHC,09:20:40,Buy Up,100.0,64100.0,0.0
VHC,09:20:40,Buy Up,500.0,64100.0,0.0
VHC,09:20:40,Buy Up,500.0,64100.0,0.0
VHC,09:20:34,Buy Up,1500.0,64100.0,100.0
VHC,09:20:32,Sell Down,4000.0,64000.0,-100.0
VHC,09:20:25,Buy Up,2000.0,64100.0,0.0
VHC,09:20:22,Buy Up,1000.0,64100.0,0.0
VHC,09:20:22,Buy Up,1000.0,64100.0,100.0
VHC,09:20:17,Sell Down,1400.0,64000.0,0.0
VHC,09:20:17,Sell Down,100.0,64000.0,0.0
VHC,09:20:17,Sell Down,500.0,64000.0,-100.0
VHC,09:20:00,Buy Up,500.0,64100.0,0.0
VHC,09:19:51,Buy Up,1000.0,64100.0,0.0
VHC,09:19:50,Sell Down,100.0,64100.0,0.0
VHC,09:19:50,Sell Down,200.0,64100.0,0.0
VHC,09:19:50,Sell Down,100.0,64100.0,0.0
VHC,09:19:50,Sell Down,500.0,64100.0,0.0
VHC,09:19:50,Sell Down,900.0,64100.0,0.0
VHC,09:19:50,Sell Down,500.0,64100.0,0.0
VHC,09:19:50,Sell Down,100.0,64100.0,0.0
VHC,09:19:50,Sell Down,100.0,64100.0,0.0
VHC,09:19:34,Sell Down,200.0,64100.0,0.0
VHC,09:19:34,Sell Down,200.0,64100.0,0.0
VHC,09:19:34,Sell Down,500.0,64100.0,0.0
VHC,09:19:21,Sell Down,100.0,64100.0,0.0
VHC,09:19:21,Sell Down,100.0,64100.0,0.0
VHC,09:19:21,Sell Down,400.0,64100.0,0.0
VHC,09:19:19,Sell Down,200.0,64100.0,0.0
VHC,09:19:19,Sell Down,300.0,64100.0,0.0
VHC,09:19:11,Sell Down,1200.0,64100.0,0.0
VHC,09:19:11,Sell Down,100.0,64100.0,0.0
VHC,09:19:11,Sell Down,200.0,64100.0,0.0
VHC,09:18:35,Sell Down,100.0,64100.0,0.0
VHC,09:18:11,Sell Down,300.0,64100.0,-200.0
VHC,09:18:00,Buy Up,200.0,64300.0,-100.0
VHC,09:17:40,Sell Down,1000.0,64400.0,-100.0
VHC,09:17:40,Buy Up,600.0,64500.0,0.0
VHC,09:17:31,Buy Up,800.0,64500.0,0.0
VHC,09:17:28,Buy Up,300.0,64500.0,0.0
VHC,09:17:26,Buy Up,1000.0,64500.0,0.0
VHC,09:17:22,Buy Up,1600.0,64500.0,100.0
VHC,09:17:22,Buy Up,500.0,64400.0,0.0
VHC,09:17:22,Buy Up,100.0,64400.0,0.0
VHC,09:17:20,Buy Up,100.0,64400.0,-100.0
VHC,09:17:06,Buy Up,300.0,64500.0,0.0
VHC,09:17:00,Buy Up,300.0,64500.0,0.0
VHC,09:17:00,Buy Up,100.0,64500.0,0.0
VHC,09:17:00,Buy Up,100.0,64500.0,0.0
VHC,09:17:00,Buy Up,500.0,64500.0,0.0
VHC,09:16:49,Buy Up,1000.0,64500.0,-100.0
VHC,09:16:41,Buy Up,2300.0,64600.0,100.0
VHC,09:16:41,Buy Up,500.0,64500.0,0.0
VHC,09:16:41,Buy Up,1200.0,64500.0,0.0
VHC,09:16:40,Buy Up,100.0,64500.0,0.0
VHC,09:16:40,Buy Up,100.0,64500.0,0.0
VHC,09:16:40,Buy Up,200.0,64500.0,0.0
VHC,09:16:40,Buy Up,400.0,64500.0,0.0
VHC,09:16:40,Sell Down,1300.0,64500.0,0.0
VHC,09:16:36,Sell Down,100.0,64500.0,0.0
VHC,09:16:30,Sell Down,500.0,64500.0,0.0
VHC,09:16:27,Sell Down,600.0,64500.0,0.0
VHC,09:16:18,Sell Down,100.0,64500.0,0.0
VHC,09:16:17,Sell Down,200.0,64500.0,0.0
VHC,09:16:08,Buy Up,300.0,64500.0,0.0
VHC,09:16:00,Buy Up,200.0,64500.0,0.0
VHC,09:15:58,Buy Up,100.0,64500.0,0.0
VHC,09:15:57,Sell Down,400.0,64500.0,0.0
VHC,09:15:56,Buy Up,100.0,64500.0,0.0
VHC,09:15:54,Buy Up,200.0,64500.0,0.0
VHC,09:15:39,Buy Up,200.0,64500.0,0.0
VHC,09:15:39,Buy Up,200.0,64500.0,0.0
VHC,09:15:39,Buy Up,300.0,64500.0,-100.0
VHC,09:15:21,Buy Up,5000.0,64600.0,0.0
VHC,09:15:04,Buy Up,200.0,64600.0,0.0
VHC,09:15:03,Buy Up,100.0,64600.0,600.0
VHC,09:15:03,Buy Up,100.0,64000.0,500.0
VHC,09:15:02,Sell Down,300.0,63500.0,0.0
VHC,09:15:02,Sell Down,2000.0,63500.0,-200.0
VHC,09:15:02,Buy Up,1500.0,63700.0,-200.0
VHC,09:15:02,Buy Up,100.0,63900.0,-100.0
VHC,09:15:02,Buy Up,800.0,64000.0,0.0
VHC,09:15:02,Buy Up,100.0,64000.0,-200.0
VHC,09:15:02,Buy Up,500.0,64200.0,-300.0
VHC,09:15:02,Buy Up,100.0,64500.0,-100.0
VHC,09:15:00,,22400.0,64600.0,0.0
