ticker,time,orderType,volume,price,prevPriceChange
YEG,11:29:43,Sell Down,500.0,11600.0,0.0
YEG,11:29:43,Sell Down,200.0,11600.0,-200.0
YEG,11:28:24,Buy Up,100.0,11800.0,200.0
YEG,11:28:21,Sell Down,200.0,11600.0,-200.0
YEG,11:21:57,Buy Up,100.0,11800.0,100.0
YEG,11:20:43,Buy Up,100.0,11700.0,0.0
YEG,11:19:41,Buy Up,2500.0,11700.0,-50.0
YEG,11:19:24,Sell Down,2800.0,11750.0,0.0
YEG,11:18:19,Sell Down,700.0,11750.0,0.0
YEG,11:16:59,Sell Down,1300.0,11750.0,0.0
YEG,11:16:43,Sell Down,3400.0,11750.0,0.0
YEG,11:16:43,Sell Down,1600.0,11750.0,-100.0
YEG,11:15:24,Buy Up,1000.0,11850.0,-50.0
YEG,11:14:39,Buy Up,100.0,11900.0,50.0
YEG,11:14:39,Buy Up,200.0,11850.0,-50.0
YEG,11:13:13,Buy Up,100.0,11900.0,50.0
YEG,11:13:02,Buy Up,500.0,11850.0,0.0
YEG,11:12:56,Buy Up,1500.0,11850.0,0.0
YEG,11:12:56,Buy Up,600.0,11850.0,0.0
YEG,11:12:55,Buy Up,900.0,11850.0,0.0
YEG,11:12:55,Buy Up,500.0,11850.0,0.0
YEG,11:12:55,Buy Up,100.0,11850.0,0.0
YEG,11:12:55,Buy Up,1900.0,11850.0,0.0
YEG,11:12:53,Buy Up,2000.0,11850.0,0.0
YEG,11:12:50,Buy Up,1100.0,11850.0,0.0
YEG,11:12:50,Buy Up,300.0,11850.0,0.0
YEG,11:12:50,Buy Up,600.0,11850.0,0.0
YEG,11:12:48,Buy Up,2000.0,11850.0,0.0
YEG,11:12:48,Buy Up,1000.0,11850.0,0.0
YEG,11:12:48,Buy Up,500.0,11850.0,0.0
YEG,11:12:45,Buy Up,12000.0,11850.0,0.0
YEG,11:12:35,Buy Up,3500.0,11850.0,0.0
YEG,11:12:29,Buy Up,400.0,11850.0,0.0
YEG,11:12:26,Buy Up,8000.0,11850.0,0.0
YEG,11:12:19,Buy Up,2000.0,11850.0,0.0
YEG,11:12:16,Buy Up,3700.0,11850.0,0.0
YEG,11:12:15,Buy Up,1500.0,11850.0,0.0
YEG,11:12:07,Buy Up,2000.0,11850.0,0.0
YEG,11:12:07,Buy Up,2000.0,11850.0,0.0
YEG,11:12:02,Buy Up,5000.0,11850.0,0.0
YEG,11:12:00,Buy Up,800.0,11850.0,0.0
YEG,11:11:58,Buy Up,10000.0,11850.0,0.0
YEG,11:11:47,Buy Up,900.0,11850.0,0.0
YEG,11:11:40,Buy Up,9800.0,11850.0,0.0
YEG,11:11:39,Buy Up,9000.0,11850.0,0.0
YEG,11:11:30,Buy Up,3500.0,11850.0,0.0
YEG,11:11:30,Buy Up,2000.0,11850.0,0.0
YEG,11:11:27,Buy Up,3000.0,11850.0,0.0
YEG,11:11:23,Buy Up,7500.0,11850.0,0.0
YEG,11:11:14,Buy Up,9400.0,11850.0,0.0
YEG,11:11:05,Buy Up,7500.0,11850.0,0.0
YEG,11:10:52,Buy Up,800.0,11850.0,0.0
YEG,11:10:52,Buy Up,49200.0,11850.0,0.0
YEG,11:10:45,Buy Up,15000.0,11850.0,0.0
YEG,11:10:36,Buy Up,500.0,11850.0,0.0
YEG,11:10:27,Buy Up,1400.0,11850.0,0.0
YEG,11:10:18,Buy Up,2500.0,11850.0,0.0
YEG,11:10:10,Buy Up,11500.0,11850.0,0.0
YEG,11:10:00,Buy Up,4000.0,11850.0,0.0
YEG,11:09:50,Buy Up,7500.0,11850.0,0.0
YEG,11:09:41,Buy Up,9000.0,11850.0,0.0
YEG,11:09:02,Buy Up,12000.0,11850.0,0.0
YEG,11:08:53,Buy Up,3200.0,11850.0,0.0
YEG,11:08:48,Buy Up,400.0,11850.0,0.0
YEG,11:08:46,Buy Up,7900.0,11850.0,50.0
YEG,11:08:46,Buy Up,100.0,11800.0,-50.0
YEG,11:08:37,Buy Up,7100.0,11850.0,100.0
YEG,11:08:37,Sell Down,100.0,11750.0,-100.0
YEG,11:08:28,Buy Up,6500.0,11850.0,0.0
YEG,11:08:15,Buy Up,6000.0,11850.0,0.0
YEG,11:08:06,Buy Up,1900.0,11850.0,50.0
YEG,11:08:06,Buy Up,400.0,11800.0,-50.0
YEG,11:07:57,Buy Up,4000.0,11850.0,0.0
YEG,11:07:57,Buy Up,6000.0,11850.0,50.0
YEG,11:07:44,Buy Up,100.0,11800.0,-50.0
YEG,11:07:44,Buy Up,500.0,11850.0,0.0
YEG,11:07:44,Buy Up,100.0,11850.0,0.0
YEG,11:07:44,Buy Up,100.0,11850.0,50.0
YEG,11:07:44,Buy Up,400.0,11800.0,0.0
YEG,11:07:44,Buy Up,2000.0,11800.0,50.0
YEG,11:07:29,Buy Up,3500.0,11750.0,0.0
YEG,11:07:13,Buy Up,2400.0,11750.0,0.0
YEG,11:07:13,Buy Up,5000.0,11750.0,0.0
YEG,11:07:13,Buy Up,100.0,11750.0,50.0
YEG,11:06:58,Buy Up,1000.0,11700.0,0.0
YEG,11:06:58,Buy Up,4000.0,11700.0,0.0
YEG,11:06:58,Buy Up,200.0,11700.0,0.0
YEG,11:06:46,Buy Up,3500.0,11700.0,0.0
YEG,11:06:34,Buy Up,6200.0,11700.0,0.0
YEG,11:06:34,Buy Up,100.0,11700.0,50.0
YEG,11:06:21,Buy Up,100.0,11650.0,0.0
YEG,11:06:21,Buy Up,6000.0,11650.0,0.0
YEG,11:06:21,Buy Up,600.0,11650.0,0.0
YEG,11:06:21,Buy Up,800.0,11650.0,0.0
YEG,11:05:56,Buy Up,100.0,11650.0,50.0
YEG,11:05:44,Buy Up,100.0,11600.0,0.0
YEG,11:05:41,Buy Up,3800.0,11600.0,0.0
YEG,11:05:41,Buy Up,2000.0,11600.0,0.0
YEG,11:05:41,Buy Up,1000.0,11600.0,0.0
YEG,11:05:41,Buy Up,500.0,11600.0,0.0
YEG,11:05:41,Buy Up,2700.0,11600.0,0.0
YEG,11:05:31,Buy Up,100.0,11600.0,50.0
YEG,11:05:08,Sell Down,100.0,11550.0,-50.0
YEG,11:04:25,Buy Up,100.0,11600.0,50.0
YEG,10:59:21,Buy Up,1000.0,11550.0,50.0
YEG,10:58:38,Sell Down,200.0,11500.0,0.0
YEG,10:53:58,Sell Down,200.0,11500.0,0.0
YEG,10:53:54,Buy Up,400.0,11500.0,0.0
YEG,10:53:44,Buy Up,100.0,11500.0,0.0
YEG,10:53:36,Buy Up,4500.0,11500.0,0.0
YEG,10:51:57,Buy Up,1000.0,11500.0,0.0
YEG,10:51:29,Buy Up,100.0,11500.0,0.0
YEG,10:51:19,Buy Up,1000.0,11500.0,0.0
YEG,10:50:54,Sell Down,100.0,11500.0,0.0
YEG,10:50:54,Sell Down,3000.0,11500.0,0.0
YEG,10:50:54,Sell Down,100.0,11500.0,0.0
YEG,10:50:54,Sell Down,100.0,11500.0,0.0
YEG,10:50:54,Sell Down,1000.0,11500.0,0.0
YEG,10:50:54,Sell Down,1800.0,11500.0,0.0
YEG,10:50:50,Sell Down,100.0,11500.0,0.0
YEG,10:50:34,Sell Down,100.0,11500.0,0.0
YEG,10:50:14,Sell Down,100.0,11500.0,0.0
YEG,10:49:37,Sell Down,7900.0,11500.0,0.0
YEG,10:49:21,Buy Up,300.0,11500.0,0.0
YEG,10:48:34,Buy Up,100.0,11500.0,0.0
YEG,10:48:24,Buy Up,200.0,11500.0,0.0
YEG,10:48:16,Buy Up,100.0,11500.0,0.0
YEG,10:47:02,Buy Up,1000.0,11500.0,0.0
YEG,10:46:58,Buy Up,100.0,11500.0,0.0
YEG,10:46:57,Buy Up,300.0,11500.0,0.0
YEG,10:46:57,Buy Up,200.0,11500.0,0.0
YEG,10:46:41,Buy Up,500.0,11500.0,0.0
YEG,10:46:30,Buy Up,100.0,11500.0,0.0
YEG,10:46:23,Buy Up,2000.0,11500.0,0.0
YEG,10:46:09,Buy Up,500.0,11500.0,0.0
YEG,10:45:53,Buy Up,3000.0,11500.0,0.0
YEG,10:45:48,Buy Up,500.0,11500.0,0.0
YEG,10:44:54,Buy Up,1000.0,11500.0,0.0
YEG,10:44:44,Sell Down,5200.0,11500.0,0.0
YEG,10:44:38,Buy Up,1000.0,11500.0,0.0
YEG,10:44:38,Buy Up,200.0,11500.0,0.0
YEG,10:44:38,Buy Up,3200.0,11500.0,0.0
YEG,10:44:38,Buy Up,400.0,11500.0,0.0
YEG,10:44:37,Buy Up,100.0,11500.0,0.0
YEG,10:44:36,Buy Up,400.0,11500.0,0.0
YEG,10:44:36,Buy Up,500.0,11500.0,0.0
YEG,10:44:23,Buy Up,200.0,11500.0,0.0
YEG,10:44:13,Buy Up,500.0,11500.0,0.0
YEG,10:44:04,Buy Up,400.0,11500.0,0.0
YEG,10:44:00,Buy Up,500.0,11500.0,0.0
YEG,10:43:48,Buy Up,500.0,11500.0,0.0
YEG,10:43:37,Buy Up,600.0,11500.0,0.0
YEG,10:43:14,Buy Up,100.0,11500.0,0.0
YEG,10:42:45,Buy Up,100.0,11500.0,0.0
YEG,10:42:19,Buy Up,200.0,11500.0,0.0
YEG,10:41:19,Buy Up,400.0,11500.0,0.0
YEG,10:41:07,Sell Down,100.0,11500.0,0.0
YEG,10:41:07,Sell Down,5500.0,11500.0,0.0
YEG,10:40:36,Buy Up,4500.0,11500.0,0.0
YEG,10:40:29,Sell Down,2000.0,11500.0,0.0
YEG,10:40:29,Sell Down,4400.0,11500.0,0.0
YEG,10:40:29,Sell Down,1100.0,11500.0,0.0
YEG,10:39:49,Buy Up,1000.0,11500.0,0.0
YEG,10:39:49,Buy Up,7900.0,11500.0,0.0
YEG,10:39:44,Buy Up,2000.0,11500.0,0.0
YEG,10:39:29,Sell Down,100.0,11500.0,0.0
YEG,10:39:02,Sell Down,1000.0,11500.0,0.0
YEG,10:38:39,Buy Up,700.0,11500.0,0.0
YEG,10:38:39,Buy Up,2700.0,11500.0,0.0
YEG,10:38:22,Buy Up,500.0,11500.0,0.0
YEG,10:37:21,Buy Up,500.0,11500.0,0.0
YEG,10:37:09,Buy Up,400.0,11500.0,0.0
YEG,10:35:55,Buy Up,1000.0,11500.0,0.0
YEG,10:35:41,Buy Up,14900.0,11500.0,0.0
YEG,10:35:31,Buy Up,5100.0,11500.0,0.0
YEG,10:35:22,Buy Up,500.0,11500.0,0.0
YEG,10:35:02,Buy Up,100.0,11500.0,0.0
YEG,10:34:57,Sell Down,100.0,11500.0,0.0
YEG,10:34:57,Sell Down,100.0,11500.0,0.0
YEG,10:34:57,Sell Down,400.0,11500.0,0.0
YEG,10:34:57,Sell Down,3700.0,11500.0,0.0
YEG,10:34:29,Sell Down,200.0,11500.0,0.0
YEG,10:34:29,Sell Down,1600.0,11500.0,0.0
YEG,10:34:27,Buy Up,100.0,11500.0,0.0
YEG,10:34:21,Buy Up,500.0,11500.0,0.0
YEG,10:33:52,Buy Up,1800.0,11500.0,0.0
YEG,10:33:22,Sell Down,1700.0,11500.0,0.0
YEG,10:32:53,Sell Down,100.0,11500.0,0.0
YEG,10:32:53,Sell Down,200.0,11500.0,0.0
YEG,10:32:28,Buy Up,100.0,11500.0,0.0
YEG,10:32:14,Buy Up,1500.0,11500.0,0.0
YEG,10:32:14,Sell Down,300.0,11500.0,0.0
YEG,10:32:14,Sell Down,2100.0,11500.0,0.0
YEG,10:31:51,Buy Up,6800.0,11500.0,0.0
YEG,10:31:16,Buy Up,2000.0,11500.0,0.0
YEG,10:30:47,Buy Up,5000.0,11500.0,0.0
YEG,10:30:47,Buy Up,10000.0,11500.0,0.0
YEG,10:30:47,Buy Up,300.0,11500.0,0.0
YEG,10:30:47,Sell Down,500.0,11500.0,0.0
YEG,10:30:46,Sell Down,500.0,11500.0,0.0
YEG,10:30:46,Sell Down,100.0,11500.0,0.0
YEG,10:30:46,Sell Down,600.0,11500.0,0.0
YEG,10:30:46,Sell Down,1300.0,11500.0,0.0
YEG,10:30:46,Sell Down,1900.0,11500.0,0.0
YEG,10:30:46,Sell Down,100.0,11500.0,0.0
YEG,10:30:46,Sell Down,100.0,11500.0,0.0
YEG,10:30:46,Sell Down,2000.0,11500.0,0.0
YEG,10:30:46,Sell Down,1400.0,11500.0,0.0
YEG,10:30:46,Sell Down,10000.0,11500.0,0.0
YEG,10:30:46,Sell Down,1000.0,11500.0,0.0
YEG,10:30:46,Sell Down,45000.0,11500.0,0.0
YEG,10:30:46,Sell Down,100.0,11500.0,0.0
YEG,10:30:46,Sell Down,11300.0,11500.0,0.0
YEG,10:30:38,Sell Down,5000.0,11500.0,-50.0
YEG,10:30:35,Buy Up,600.0,11550.0,0.0
YEG,10:30:35,Buy Up,1400.0,11550.0,0.0
YEG,10:30:34,Buy Up,600.0,11550.0,50.0
YEG,10:30:31,Sell Down,8000.0,11500.0,0.0
YEG,10:30:17,Sell Down,15000.0,11500.0,0.0
YEG,10:30:04,Sell Down,4900.0,11500.0,0.0
YEG,10:30:04,Sell Down,1300.0,11500.0,0.0
YEG,10:30:04,Sell Down,200.0,11500.0,0.0
YEG,10:30:04,Sell Down,13600.0,11500.0,-50.0
YEG,10:29:25,Buy Up,200.0,11550.0,0.0
YEG,10:28:21,Buy Up,1200.0,11550.0,0.0
YEG,10:28:20,Buy Up,1000.0,11550.0,0.0
YEG,10:27:50,Buy Up,100.0,11550.0,0.0
YEG,10:25:31,Buy Up,5000.0,11550.0,0.0
YEG,10:25:12,Buy Up,200.0,11550.0,0.0
YEG,10:25:12,Buy Up,5800.0,11550.0,0.0
YEG,10:24:38,Buy Up,100.0,11550.0,0.0
YEG,10:24:38,Buy Up,100.0,11550.0,0.0
YEG,10:24:25,Buy Up,3000.0,11550.0,50.0
YEG,10:23:15,Sell Down,100.0,11500.0,-50.0
YEG,10:23:07,Buy Up,3000.0,11550.0,0.0
YEG,10:22:45,Buy Up,200.0,11550.0,0.0
YEG,10:22:15,Sell Down,4000.0,11550.0,0.0
YEG,10:22:15,Sell Down,500.0,11550.0,0.0
YEG,10:22:15,Sell Down,100.0,11550.0,0.0
YEG,10:22:15,Sell Down,9100.0,11550.0,0.0
YEG,10:22:07,Sell Down,100.0,11550.0,0.0
YEG,10:22:01,Sell Down,2800.0,11550.0,0.0
YEG,10:22:01,Sell Down,600.0,11550.0,0.0
YEG,10:22:01,Sell Down,1600.0,11550.0,0.0
YEG,10:21:58,Sell Down,2000.0,11550.0,0.0
YEG,10:21:47,Sell Down,8600.0,11550.0,0.0
YEG,10:21:40,Sell Down,100.0,11550.0,0.0
YEG,10:21:34,Sell Down,10000.0,11550.0,0.0
YEG,10:21:20,Sell Down,300.0,11550.0,0.0
YEG,10:20:29,Sell Down,100.0,11550.0,-50.0
YEG,10:19:40,Buy Up,100.0,11600.0,0.0
YEG,10:17:52,Buy Up,2000.0,11600.0,0.0
YEG,10:17:52,Buy Up,6000.0,11600.0,0.0
YEG,10:17:52,Buy Up,7600.0,11600.0,0.0
YEG,10:17:52,Buy Up,4400.0,11600.0,0.0
YEG,10:17:44,Buy Up,900.0,11600.0,0.0
YEG,10:17:39,Buy Up,3000.0,11600.0,0.0
YEG,10:17:31,Buy Up,200.0,11600.0,0.0
YEG,10:17:13,Buy Up,100.0,11600.0,0.0
YEG,10:16:51,Buy Up,300.0,11600.0,0.0
YEG,10:16:40,Buy Up,1000.0,11600.0,0.0
YEG,10:16:13,Buy Up,100.0,11600.0,50.0
YEG,10:16:06,Buy Up,2800.0,11550.0,0.0
YEG,10:16:05,Buy Up,100.0,11550.0,0.0
YEG,10:16:04,Buy Up,200.0,11550.0,0.0
YEG,10:15:51,Buy Up,200.0,11550.0,0.0
YEG,10:15:45,Buy Up,3700.0,11550.0,0.0
YEG,10:15:45,Buy Up,5800.0,11550.0,0.0
YEG,10:15:43,Buy Up,200.0,11550.0,0.0
YEG,10:15:26,Buy Up,200.0,11550.0,0.0
YEG,10:15:19,Buy Up,200.0,11550.0,0.0
YEG,10:15:13,Buy Up,1600.0,11550.0,0.0
YEG,10:15:13,Buy Up,3600.0,11550.0,50.0
YEG,10:14:39,Buy Up,6300.0,11500.0,0.0
YEG,10:14:35,Buy Up,200.0,11500.0,0.0
YEG,10:14:25,Buy Up,800.0,11500.0,0.0
YEG,10:14:21,Buy Up,1000.0,11500.0,0.0
YEG,10:14:19,Buy Up,1700.0,11500.0,0.0
YEG,10:14:19,Buy Up,3300.0,11500.0,0.0
YEG,10:13:52,Buy Up,100.0,11500.0,0.0
YEG,10:13:47,Buy Up,3000.0,11500.0,0.0
YEG,10:13:38,Buy Up,600.0,11500.0,0.0
YEG,10:13:36,Buy Up,100.0,11500.0,0.0
YEG,10:13:06,Buy Up,100.0,11500.0,0.0
YEG,10:12:16,Buy Up,600.0,11500.0,0.0
YEG,10:11:18,Buy Up,100.0,11500.0,0.0
YEG,10:11:17,Sell Down,2000.0,11500.0,0.0
YEG,10:11:17,Sell Down,2100.0,11500.0,0.0
YEG,10:10:58,Sell Down,7900.0,11500.0,0.0
YEG,10:10:58,Sell Down,2000.0,11500.0,0.0
YEG,10:10:58,Sell Down,100.0,11500.0,0.0
YEG,10:10:43,Buy Up,700.0,11500.0,0.0
YEG,10:10:32,Buy Up,500.0,11500.0,0.0
YEG,10:10:26,Buy Up,3000.0,11500.0,0.0
YEG,10:09:36,Buy Up,200.0,11500.0,0.0
YEG,10:09:28,Buy Up,1000.0,11500.0,0.0
YEG,10:09:17,Sell Down,300.0,11500.0,0.0
YEG,10:09:17,Sell Down,100.0,11500.0,0.0
YEG,10:09:17,Sell Down,500.0,11500.0,0.0
YEG,10:09:17,Sell Down,1700.0,11500.0,0.0
YEG,10:09:00,Buy Up,300.0,11500.0,0.0
YEG,10:09:00,Buy Up,400.0,11500.0,0.0
YEG,10:08:59,Buy Up,200.0,11500.0,0.0
YEG,10:08:58,Buy Up,200.0,11500.0,0.0
YEG,10:08:56,Buy Up,500.0,11500.0,0.0
YEG,10:08:47,Buy Up,500.0,11500.0,0.0
YEG,10:08:42,Buy Up,500.0,11500.0,0.0
YEG,10:08:10,Buy Up,2000.0,11500.0,0.0
YEG,10:08:07,Sell Down,100.0,11500.0,0.0
YEG,10:08:07,Sell Down,200.0,11500.0,0.0
YEG,10:08:07,Sell Down,2400.0,11500.0,0.0
YEG,10:08:07,Sell Down,100.0,11500.0,0.0
YEG,10:08:07,Sell Down,1100.0,11500.0,0.0
YEG,10:08:07,Sell Down,100.0,11500.0,0.0
YEG,10:08:07,Sell Down,200.0,11500.0,0.0
YEG,10:08:07,Sell Down,3200.0,11500.0,-50.0
YEG,10:07:51,Buy Up,300.0,11550.0,50.0
YEG,10:07:25,Buy Up,300.0,11500.0,0.0
YEG,10:07:23,Buy Up,100.0,11500.0,0.0
YEG,10:07:18,Buy Up,500.0,11500.0,0.0
YEG,10:07:06,Buy Up,200.0,11500.0,0.0
YEG,10:07:03,Sell Down,1000.0,11500.0,0.0
YEG,10:07:03,Sell Down,100.0,11500.0,0.0
YEG,10:07:03,Sell Down,1900.0,11500.0,0.0
YEG,10:07:03,Sell Down,15900.0,11500.0,0.0
YEG,10:06:41,Buy Up,7100.0,11500.0,0.0
YEG,10:06:34,Buy Up,500.0,11500.0,0.0
YEG,10:06:26,Buy Up,200.0,11500.0,0.0
YEG,10:06:26,Buy Up,2200.0,11500.0,0.0
YEG,10:06:19,Buy Up,2800.0,11500.0,0.0
YEG,10:06:10,Buy Up,1000.0,11500.0,0.0
YEG,10:06:02,Buy Up,200.0,11500.0,0.0
YEG,10:05:50,Buy Up,200.0,11500.0,0.0
YEG,10:05:44,Buy Up,500.0,11500.0,0.0
YEG,10:05:33,Buy Up,1000.0,11500.0,0.0
YEG,10:05:15,Sell Down,500.0,11500.0,0.0
YEG,10:05:15,Sell Down,200.0,11500.0,0.0
YEG,10:05:15,Sell Down,100.0,11500.0,0.0
YEG,10:05:15,Sell Down,1000.0,11500.0,0.0
YEG,10:05:15,Sell Down,5000.0,11500.0,-50.0
YEG,10:04:57,Buy Up,2100.0,11550.0,0.0
YEG,10:04:57,Buy Up,4000.0,11550.0,0.0
YEG,10:04:57,Buy Up,600.0,11550.0,50.0
YEG,10:04:57,Buy Up,3300.0,11500.0,0.0
YEG,10:04:52,Buy Up,1000.0,11500.0,0.0
YEG,10:04:47,Buy Up,100.0,11500.0,0.0
YEG,10:04:41,Sell Down,200.0,11500.0,0.0
YEG,10:04:41,Sell Down,1000.0,11500.0,0.0
YEG,10:04:41,Sell Down,5000.0,11500.0,0.0
YEG,10:04:41,Sell Down,10500.0,11500.0,0.0
YEG,10:04:41,Sell Down,2400.0,11500.0,0.0
YEG,10:04:41,Sell Down,400.0,11500.0,0.0
YEG,10:04:41,Sell Down,1100.0,11500.0,-50.0
YEG,10:04:27,Buy Up,100.0,11550.0,0.0
YEG,10:03:44,Buy Up,6000.0,11550.0,50.0
YEG,10:03:34,Sell Down,3500.0,11500.0,0.0
YEG,10:03:34,Sell Down,100.0,11500.0,0.0
YEG,10:03:34,Sell Down,2400.0,11500.0,0.0
YEG,10:02:55,Sell Down,10000.0,11500.0,0.0
YEG,10:02:43,Buy Up,100.0,11500.0,0.0
YEG,10:02:42,Buy Up,2000.0,11500.0,0.0
YEG,10:02:37,Buy Up,3000.0,11500.0,0.0
YEG,10:02:14,Buy Up,100.0,11500.0,0.0
YEG,10:02:14,Buy Up,100.0,11500.0,0.0
YEG,10:02:01,Buy Up,1000.0,11500.0,0.0
YEG,10:02:00,Buy Up,1000.0,11500.0,0.0
YEG,10:01:50,Buy Up,2000.0,11500.0,0.0
YEG,10:01:45,Buy Up,200.0,11500.0,0.0
YEG,10:01:44,Buy Up,2700.0,11500.0,0.0
YEG,10:01:32,Sell Down,7300.0,11500.0,0.0
YEG,10:01:32,Sell Down,2700.0,11500.0,0.0
YEG,10:01:27,Buy Up,7300.0,11500.0,0.0
YEG,10:01:10,Buy Up,200.0,11500.0,0.0
YEG,10:00:52,Sell Down,1500.0,11500.0,0.0
YEG,10:00:45,Buy Up,3500.0,11500.0,0.0
YEG,10:00:32,Buy Up,1000.0,11500.0,0.0
YEG,10:00:28,Buy Up,300.0,11500.0,0.0
YEG,10:00:22,Sell Down,1000.0,11500.0,0.0
YEG,10:00:22,Sell Down,2100.0,11500.0,0.0
YEG,10:00:22,Sell Down,200.0,11500.0,0.0
YEG,10:00:22,Sell Down,400.0,11500.0,0.0
YEG,09:59:50,Sell Down,1100.0,11500.0,50.0
YEG,09:59:49,Sell Down,100.0,11450.0,-50.0
YEG,09:59:46,Buy Up,1000.0,11500.0,50.0
YEG,09:59:34,Sell Down,800.0,11450.0,-50.0
YEG,09:59:20,Buy Up,2000.0,11500.0,0.0
YEG,09:59:17,Buy Up,1000.0,11500.0,0.0
YEG,09:58:28,Buy Up,500.0,11500.0,0.0
YEG,09:58:24,Buy Up,400.0,11500.0,0.0
YEG,09:58:12,Buy Up,100.0,11500.0,0.0
YEG,09:58:11,Buy Up,2500.0,11500.0,0.0
YEG,09:58:11,Buy Up,5000.0,11500.0,0.0
YEG,09:58:11,Buy Up,1000.0,11500.0,0.0
YEG,09:58:11,Sell Down,1400.0,11500.0,0.0
YEG,09:58:02,Sell Down,400.0,11500.0,0.0
YEG,09:57:57,Buy Up,200.0,11500.0,0.0
YEG,09:57:54,Buy Up,900.0,11500.0,0.0
YEG,09:57:54,Buy Up,1100.0,11500.0,0.0
YEG,09:57:50,Buy Up,100.0,11500.0,0.0
YEG,09:57:37,Buy Up,1000.0,11500.0,0.0
YEG,09:57:11,Buy Up,1000.0,11500.0,0.0
YEG,09:57:09,Buy Up,2000.0,11500.0,0.0
YEG,09:57:02,Buy Up,2800.0,11500.0,0.0
YEG,09:57:02,Buy Up,200.0,11500.0,0.0
YEG,09:56:46,Buy Up,100.0,11500.0,0.0
YEG,09:56:28,Buy Up,500.0,11500.0,0.0
YEG,09:55:54,Buy Up,100.0,11500.0,0.0
YEG,09:55:34,Sell Down,5500.0,11500.0,0.0
YEG,09:55:28,Buy Up,500.0,11500.0,0.0
YEG,09:55:28,Buy Up,600.0,11500.0,0.0
YEG,09:55:25,Buy Up,1300.0,11500.0,0.0
YEG,09:55:18,Buy Up,900.0,11500.0,0.0
YEG,09:55:15,Buy Up,900.0,11500.0,0.0
YEG,09:55:11,Buy Up,1000.0,11500.0,50.0
YEG,09:54:58,Sell Down,500.0,11450.0,-50.0
YEG,09:54:54,Buy Up,500.0,11500.0,50.0
YEG,09:54:54,Sell Down,1200.0,11450.0,0.0
YEG,09:54:54,Sell Down,3700.0,11450.0,0.0
YEG,09:54:54,Sell Down,100.0,11450.0,0.0
YEG,09:54:39,Sell Down,1300.0,11450.0,0.0
YEG,09:54:39,Sell Down,700.0,11450.0,-50.0
YEG,09:54:32,Buy Up,1000.0,11500.0,0.0
YEG,09:54:29,Sell Down,400.0,11500.0,0.0
YEG,09:54:29,Sell Down,200.0,11500.0,0.0
YEG,09:54:29,Sell Down,200.0,11500.0,0.0
YEG,09:54:16,Sell Down,300.0,11500.0,0.0
YEG,09:54:08,Buy Up,100.0,11500.0,0.0
YEG,09:54:02,Buy Up,2000.0,11500.0,0.0
YEG,09:54:01,Buy Up,300.0,11500.0,0.0
YEG,09:53:46,Buy Up,100.0,11500.0,0.0
YEG,09:53:43,Buy Up,500.0,11500.0,0.0
YEG,09:53:42,Sell Down,500.0,11500.0,0.0
YEG,09:53:42,Sell Down,100.0,11500.0,0.0
YEG,09:53:42,Sell Down,2100.0,11500.0,0.0
YEG,09:53:36,Buy Up,1500.0,11500.0,0.0
YEG,09:53:36,Buy Up,1400.0,11500.0,0.0
YEG,09:53:34,Buy Up,4000.0,11500.0,0.0
YEG,09:53:16,Buy Up,1000.0,11500.0,0.0
YEG,09:52:59,Buy Up,800.0,11500.0,0.0
YEG,09:52:46,Sell Down,2500.0,11500.0,0.0
YEG,09:52:39,Buy Up,2500.0,11500.0,0.0
YEG,09:52:39,Buy Up,100.0,11500.0,0.0
YEG,09:52:37,Buy Up,100.0,11500.0,0.0
YEG,09:52:29,Buy Up,2000.0,11500.0,0.0
YEG,09:52:27,Buy Up,600.0,11500.0,0.0
YEG,09:52:26,Sell Down,400.0,11500.0,0.0
YEG,09:52:26,Sell Down,1000.0,11500.0,0.0
YEG,09:52:26,Sell Down,200.0,11500.0,0.0
YEG,09:52:26,Sell Down,1000.0,11500.0,0.0
YEG,09:52:26,Sell Down,100.0,11500.0,0.0
YEG,09:52:08,Buy Up,2000.0,11500.0,0.0
YEG,09:52:06,Buy Up,1000.0,11500.0,0.0
YEG,09:52:04,Buy Up,500.0,11500.0,0.0
YEG,09:52:01,Buy Up,400.0,11500.0,0.0
YEG,09:51:47,Sell Down,1000.0,11500.0,0.0
YEG,09:51:47,Buy Up,200.0,11500.0,0.0
YEG,09:51:47,Buy Up,2000.0,11500.0,0.0
YEG,09:51:47,Buy Up,1000.0,11500.0,0.0
YEG,09:51:47,Buy Up,200.0,11500.0,0.0
YEG,09:51:47,Buy Up,500.0,11500.0,0.0
YEG,09:51:47,Buy Up,500.0,11500.0,0.0
YEG,09:51:47,Buy Up,500.0,11500.0,0.0
YEG,09:51:47,Buy Up,200.0,11500.0,0.0
YEG,09:50:45,Buy Up,1800.0,11500.0,0.0
YEG,09:50:43,Buy Up,2900.0,11500.0,0.0
YEG,09:50:36,Buy Up,200.0,11500.0,0.0
YEG,09:50:34,Buy Up,2000.0,11500.0,0.0
YEG,09:50:22,Buy Up,5000.0,11500.0,0.0
YEG,09:50:15,Buy Up,100.0,11500.0,0.0
YEG,09:50:10,Buy Up,500.0,11500.0,0.0
YEG,09:50:00,Buy Up,500.0,11500.0,0.0
YEG,09:49:59,Buy Up,500.0,11500.0,0.0
YEG,09:49:59,Buy Up,400.0,11500.0,0.0
YEG,09:49:59,Buy Up,100.0,11500.0,0.0
YEG,09:49:59,Sell Down,1000.0,11500.0,0.0
YEG,09:49:54,Sell Down,500.0,11500.0,0.0
YEG,09:49:54,Sell Down,500.0,11500.0,0.0
YEG,09:49:54,Sell Down,1000.0,11500.0,0.0
YEG,09:49:54,Sell Down,100.0,11500.0,0.0
YEG,09:49:54,Sell Down,500.0,11500.0,0.0
YEG,09:49:54,Sell Down,1000.0,11500.0,0.0
YEG,09:49:54,Sell Down,100.0,11500.0,0.0
YEG,09:49:54,Sell Down,1000.0,11500.0,0.0
YEG,09:49:54,Sell Down,500.0,11500.0,0.0
YEG,09:49:54,Sell Down,100.0,11500.0,0.0
YEG,09:49:54,Sell Down,100.0,11500.0,0.0
YEG,09:49:54,Sell Down,1200.0,11500.0,0.0
YEG,09:49:54,Sell Down,500.0,11500.0,0.0
YEG,09:49:54,Sell Down,1000.0,11500.0,0.0
YEG,09:49:54,Sell Down,100.0,11500.0,0.0
YEG,09:49:54,Sell Down,1800.0,11500.0,0.0
YEG,09:49:45,Sell Down,3200.0,11500.0,0.0
YEG,09:49:45,Sell Down,200.0,11500.0,0.0
YEG,09:49:45,Sell Down,300.0,11500.0,0.0
YEG,09:49:45,Sell Down,200.0,11500.0,0.0
YEG,09:49:45,Sell Down,1100.0,11500.0,0.0
YEG,09:49:33,Sell Down,300.0,11500.0,0.0
YEG,09:49:33,Sell Down,500.0,11500.0,0.0
YEG,09:49:33,Sell Down,1000.0,11500.0,0.0
YEG,09:49:33,Sell Down,500.0,11500.0,0.0
YEG,09:49:33,Sell Down,1000.0,11500.0,0.0
YEG,09:49:33,Sell Down,2000.0,11500.0,0.0
YEG,09:49:33,Sell Down,200.0,11500.0,0.0
YEG,09:49:33,Sell Down,1000.0,11500.0,-50.0
YEG,09:49:23,Sell Down,8300.0,11550.0,0.0
YEG,09:49:12,Sell Down,2300.0,11550.0,0.0
YEG,09:49:12,Sell Down,100.0,11550.0,0.0
YEG,09:49:12,Sell Down,100.0,11550.0,0.0
YEG,09:49:12,Sell Down,400.0,11550.0,0.0
YEG,09:49:12,Sell Down,1000.0,11550.0,0.0
YEG,09:49:12,Sell Down,200.0,11550.0,0.0
YEG,09:49:12,Sell Down,1400.0,11550.0,0.0
YEG,09:49:12,Sell Down,500.0,11550.0,0.0
YEG,09:49:12,Sell Down,100.0,11550.0,0.0
YEG,09:49:12,Sell Down,100.0,11550.0,0.0
YEG,09:49:12,Sell Down,100.0,11550.0,0.0
YEG,09:49:12,Sell Down,100.0,11550.0,0.0
YEG,09:49:12,Sell Down,100.0,11550.0,0.0
YEG,09:49:12,Sell Down,1000.0,11550.0,0.0
YEG,09:49:12,Sell Down,100.0,11550.0,0.0
YEG,09:49:12,Sell Down,200.0,11550.0,0.0
YEG,09:49:12,Sell Down,1000.0,11550.0,0.0
YEG,09:49:12,Sell Down,500.0,11550.0,0.0
YEG,09:49:12,Sell Down,500.0,11550.0,0.0
YEG,09:49:12,Sell Down,200.0,11550.0,-50.0
YEG,09:48:11,Buy Up,500.0,11600.0,0.0
YEG,09:48:08,Buy Up,500.0,11600.0,0.0
YEG,09:48:00,Buy Up,500.0,11600.0,50.0
YEG,09:47:46,Sell Down,300.0,11550.0,0.0
YEG,09:47:46,Sell Down,500.0,11550.0,0.0
YEG,09:47:46,Sell Down,1000.0,11550.0,0.0
YEG,09:47:46,Sell Down,100.0,11550.0,0.0
YEG,09:47:46,Sell Down,3100.0,11550.0,-50.0
YEG,09:47:44,Buy Up,500.0,11600.0,0.0
YEG,09:47:35,Buy Up,500.0,11600.0,0.0
YEG,09:47:14,Buy Up,1200.0,11600.0,0.0
YEG,09:47:14,Buy Up,1000.0,11600.0,0.0
YEG,09:47:14,Buy Up,1300.0,11600.0,-50.0
YEG,09:46:17,Buy Up,900.0,11650.0,50.0
YEG,09:46:05,Sell Down,100.0,11600.0,0.0
YEG,09:45:51,Buy Up,100.0,11600.0,0.0
YEG,09:45:45,Buy Up,100.0,11600.0,0.0
YEG,09:45:41,Buy Up,500.0,11600.0,0.0
YEG,09:45:36,Buy Up,100.0,11600.0,0.0
YEG,09:45:20,Buy Up,1000.0,11600.0,0.0
YEG,09:44:28,Buy Up,100.0,11600.0,0.0
YEG,09:44:07,Buy Up,1500.0,11600.0,0.0
YEG,09:43:46,Sell Down,1600.0,11600.0,0.0
YEG,09:43:33,Buy Up,1000.0,11600.0,0.0
YEG,09:43:33,Buy Up,3900.0,11600.0,50.0
YEG,09:41:42,Sell Down,500.0,11550.0,0.0
YEG,09:40:53,Sell Down,100.0,11550.0,0.0
YEG,09:40:53,Sell Down,400.0,11550.0,0.0
YEG,09:40:53,Sell Down,200.0,11550.0,0.0
YEG,09:40:53,Sell Down,1000.0,11550.0,0.0
YEG,09:40:53,Sell Down,6400.0,11550.0,-50.0
YEG,09:40:08,Sell Down,100.0,11600.0,0.0
YEG,09:39:56,Sell Down,900.0,11600.0,0.0
YEG,09:39:47,Buy Up,300.0,11600.0,0.0
YEG,09:39:15,Sell Down,8000.0,11600.0,0.0
YEG,09:39:15,Sell Down,800.0,11600.0,0.0
YEG,09:38:40,Buy Up,200.0,11600.0,0.0
YEG,09:38:04,Buy Up,1000.0,11600.0,0.0
YEG,09:37:51,Sell Down,2000.0,11600.0,0.0
YEG,09:37:51,Sell Down,500.0,11600.0,0.0
YEG,09:37:51,Sell Down,500.0,11600.0,0.0
YEG,09:37:51,Sell Down,800.0,11600.0,0.0
YEG,09:37:00,Buy Up,200.0,11600.0,0.0
YEG,09:36:51,Buy Up,300.0,11600.0,0.0
YEG,09:36:24,Buy Up,300.0,11600.0,0.0
YEG,09:36:19,Buy Up,300.0,11600.0,0.0
YEG,09:36:18,Buy Up,500.0,11600.0,50.0
YEG,09:36:12,Sell Down,100.0,11550.0,0.0
YEG,09:36:12,Sell Down,200.0,11550.0,0.0
YEG,09:36:12,Sell Down,200.0,11550.0,0.0
YEG,09:36:12,Sell Down,100.0,11550.0,0.0
YEG,09:36:12,Sell Down,900.0,11550.0,-50.0
YEG,09:35:54,Buy Up,1000.0,11600.0,0.0
YEG,09:35:24,Buy Up,400.0,11600.0,0.0
YEG,09:34:53,Sell Down,5200.0,11600.0,0.0
YEG,09:34:42,Sell Down,200.0,11600.0,0.0
YEG,09:34:42,Sell Down,600.0,11600.0,0.0
YEG,09:34:13,Buy Up,300.0,11600.0,0.0
YEG,09:33:51,Buy Up,100.0,11600.0,0.0
YEG,09:33:44,Buy Up,100.0,11600.0,0.0
YEG,09:33:36,Buy Up,300.0,11600.0,0.0
YEG,09:33:33,Sell Down,100.0,11600.0,0.0
YEG,09:33:33,Sell Down,2500.0,11600.0,0.0
YEG,09:33:29,Sell Down,500.0,11600.0,0.0
YEG,09:33:29,Sell Down,100.0,11600.0,0.0
YEG,09:33:29,Sell Down,800.0,11600.0,0.0
YEG,09:32:46,Sell Down,1100.0,11600.0,0.0
YEG,09:32:46,Sell Down,2200.0,11600.0,0.0
YEG,09:32:46,Sell Down,1000.0,11600.0,0.0
YEG,09:32:46,Sell Down,200.0,11600.0,0.0
YEG,09:32:46,Sell Down,500.0,11600.0,0.0
YEG,09:32:09,Sell Down,900.0,11600.0,0.0
YEG,09:32:02,Buy Up,1000.0,11600.0,0.0
YEG,09:31:50,Sell Down,500.0,11600.0,0.0
YEG,09:31:50,Sell Down,300.0,11600.0,0.0
YEG,09:31:50,Sell Down,3300.0,11600.0,0.0
YEG,09:31:24,Sell Down,1700.0,11600.0,0.0
YEG,09:31:20,Buy Up,200.0,11600.0,0.0
YEG,09:31:10,Buy Up,200.0,11600.0,50.0
YEG,09:30:09,Sell Down,100.0,11550.0,-50.0
YEG,09:30:00,Buy Up,300.0,11600.0,0.0
YEG,09:29:56,Buy Up,100.0,11600.0,0.0
YEG,09:29:25,Buy Up,600.0,11600.0,0.0
YEG,09:29:25,Buy Up,400.0,11600.0,0.0
YEG,09:29:25,Buy Up,500.0,11600.0,-50.0
YEG,09:28:27,Buy Up,200.0,11650.0,50.0
YEG,09:28:27,Buy Up,1300.0,11600.0,0.0
YEG,09:28:26,Buy Up,1000.0,11600.0,0.0
YEG,09:28:23,Sell Down,200.0,11600.0,0.0
YEG,09:28:23,Sell Down,200.0,11600.0,0.0
YEG,09:28:23,Sell Down,200.0,11600.0,0.0
YEG,09:28:23,Sell Down,200.0,11600.0,0.0
YEG,09:28:23,Sell Down,200.0,11600.0,0.0
YEG,09:28:23,Sell Down,3200.0,11600.0,0.0
YEG,09:28:07,Sell Down,2800.0,11600.0,0.0
YEG,09:28:07,Sell Down,100.0,11600.0,0.0
YEG,09:28:07,Sell Down,100.0,11600.0,0.0
YEG,09:28:07,Sell Down,1000.0,11600.0,0.0
YEG,09:28:07,Sell Down,500.0,11600.0,-50.0
YEG,09:27:55,Sell Down,100.0,11650.0,0.0
YEG,09:27:55,Sell Down,4000.0,11650.0,0.0
YEG,09:27:55,Sell Down,3000.0,11650.0,0.0
YEG,09:27:55,Sell Down,200.0,11650.0,0.0
YEG,09:27:55,Sell Down,100.0,11650.0,0.0
YEG,09:27:55,Sell Down,1000.0,11650.0,0.0
YEG,09:27:55,Sell Down,200.0,11650.0,0.0
YEG,09:27:55,Sell Down,500.0,11650.0,0.0
YEG,09:27:48,Sell Down,1000.0,11650.0,0.0
YEG,09:27:43,Sell Down,4500.0,11650.0,0.0
YEG,09:27:32,Sell Down,10000.0,11650.0,0.0
YEG,09:27:22,Sell Down,4000.0,11650.0,0.0
YEG,09:27:21,Sell Down,1000.0,11650.0,-50.0
YEG,09:27:16,Buy Up,500.0,11700.0,0.0
YEG,09:27:10,Buy Up,500.0,11700.0,0.0
YEG,09:27:10,Buy Up,400.0,11700.0,0.0
YEG,09:27:10,Buy Up,100.0,11700.0,0.0
YEG,09:27:10,Buy Up,2000.0,11700.0,0.0
YEG,09:27:10,Buy Up,1000.0,11700.0,0.0
YEG,09:27:10,Buy Up,500.0,11700.0,0.0
YEG,09:27:10,Buy Up,500.0,11700.0,-150.0
YEG,09:26:34,Buy Up,100.0,11850.0,0.0
YEG,09:26:25,Sell Down,2600.0,11850.0,-50.0
YEG,09:26:06,Buy Up,5000.0,11900.0,0.0
YEG,09:25:41,Buy Up,8000.0,11900.0,0.0
YEG,09:25:30,Buy Up,5600.0,11900.0,0.0
YEG,09:25:26,Buy Up,100.0,11900.0,50.0
YEG,09:25:25,Sell Down,200.0,11850.0,0.0
YEG,09:25:20,Sell Down,2000.0,11850.0,-50.0
YEG,09:25:19,Buy Up,2000.0,11900.0,50.0
YEG,09:25:13,Sell Down,300.0,11850.0,0.0
YEG,09:25:08,Buy Up,6900.0,11850.0,0.0
YEG,09:24:58,Buy Up,100.0,11850.0,0.0
YEG,09:24:50,Buy Up,10000.0,11850.0,0.0
YEG,09:24:41,Buy Up,7500.0,11850.0,0.0
YEG,09:24:28,Buy Up,500.0,11850.0,0.0
YEG,09:24:28,Buy Up,2000.0,11850.0,50.0
YEG,09:24:28,Buy Up,100.0,11800.0,0.0
YEG,09:24:28,Buy Up,2400.0,11800.0,0.0
YEG,09:24:27,Buy Up,300.0,11800.0,0.0
YEG,09:24:24,Buy Up,100.0,11800.0,0.0
YEG,09:24:11,Sell Down,100.0,11800.0,0.0
YEG,09:24:02,Sell Down,200.0,11800.0,0.0
YEG,09:23:48,Sell Down,500.0,11800.0,0.0
YEG,09:23:46,Sell Down,100.0,11800.0,0.0
YEG,09:23:46,Sell Down,400.0,11800.0,-50.0
YEG,09:22:19,Buy Up,200.0,11850.0,50.0
YEG,09:22:10,Sell Down,100.0,11800.0,-50.0
YEG,09:20:33,Buy Up,200.0,11850.0,0.0
YEG,09:18:55,Buy Up,100.0,11850.0,200.0
YEG,09:15:01,,900.0,11650.0,0.0
