ticker,time,orderType,volume,price,prevPriceChange
HPG,10:29:01,Buy Up,300,27900.0,50.0
HPG,10:29:00,Sell Down,3100,27850.0,0.0
HPG,10:28:57,Sell Down,10000,27850.0,-50.0
HPG,10:28:52,Buy Up,300,27900.0,50.0
HPG,10:28:46,Sell Down,10000,27850.0,-50.0
HPG,10:28:43,Buy Up,300,27900.0,0.0
HPG,10:28:34,Buy Up,300,27900.0,50.0
HPG,10:28:32,Sell Down,1000,27850.0,-50.0
HPG,10:28:25,Buy Up,300,27900.0,50.0
HPG,10:28:25,Sell Down,7000,27850.0,0.0
HPG,10:28:22,Sell Down,1000,27850.0,0.0
HPG,10:28:22,Sell Down,100,27850.0,0.0
HPG,10:28:22,Sell Down,5300,27850.0,0.0
HPG,10:28:22,Buy Up,200,27850.0,0.0
HPG,10:28:22,Buy Up,800,27850.0,0.0
HPG,10:28:19,Buy Up,200,27850.0,0.0
HPG,10:28:19,Buy Up,2900,27850.0,0.0
HPG,10:28:19,Buy Up,1900,27850.0,0.0
HPG,10:28:16,Buy Up,300,27850.0,50.0
HPG,10:28:15,Sell Down,2100,27800.0,0.0
HPG,10:28:15,Sell Down,900,27800.0,-50.0
HPG,10:28:08,Buy Up,800,27850.0,0.0
HPG,10:28:07,Buy Up,300,27850.0,0.0
HPG,10:28:02,Buy Up,100,27850.0,0.0
HPG,10:27:59,Buy Up,400,27850.0,0.0
HPG,10:27:52,Buy Up,800,27850.0,0.0
HPG,10:27:49,Buy Up,300,27850.0,0.0
HPG,10:27:49,Buy Up,400,27850.0,0.0
HPG,10:27:38,Buy Up,5000,27850.0,0.0
HPG,10:27:31,Buy Up,3600,27850.0,0.0
HPG,10:27:29,Sell Down,300,27850.0,50.0
HPG,10:27:29,Sell Down,2000,27800.0,0.0
HPG,10:27:29,Sell Down,100,27800.0,0.0
HPG,10:27:29,Sell Down,900,27800.0,-50.0
HPG,10:27:29,Sell Down,400,27850.0,0.0
HPG,10:27:29,Sell Down,5000,27850.0,0.0
HPG,10:27:29,Sell Down,3100,27850.0,0.0
HPG,10:27:29,Sell Down,100,27850.0,0.0
HPG,10:27:29,Sell Down,100,27850.0,0.0
HPG,10:27:29,Sell Down,1000,27850.0,0.0
HPG,10:27:29,Sell Down,200,27850.0,0.0
HPG,10:27:29,Sell Down,4400,27850.0,0.0
HPG,10:27:29,Sell Down,700,27850.0,0.0
HPG,10:27:29,Sell Down,100,27850.0,0.0
HPG,10:27:29,Sell Down,3000,27850.0,0.0
HPG,10:27:29,Sell Down,100,27850.0,0.0
HPG,10:27:29,Sell Down,300,27850.0,0.0
HPG,10:27:29,Sell Down,10000,27850.0,0.0
HPG,10:27:29,Sell Down,100,27850.0,0.0
HPG,10:27:29,Sell Down,200,27850.0,0.0
HPG,10:27:29,Sell Down,900,27850.0,0.0
HPG,10:27:29,Sell Down,500,27850.0,0.0
HPG,10:27:29,Sell Down,2000,27850.0,0.0
HPG,10:27:29,Sell Down,3000,27850.0,0.0
HPG,10:27:29,Sell Down,600,27850.0,0.0
HPG,10:27:29,Sell Down,300,27850.0,-50.0
HPG,10:27:20,Buy Up,400,27900.0,0.0
HPG,10:27:20,Buy Up,5300,27900.0,0.0
HPG,10:27:20,Buy Up,1000,27900.0,0.0
HPG,10:27:20,Buy Up,500,27900.0,0.0
HPG,10:27:20,Buy Up,800,27900.0,0.0
HPG,10:27:20,Buy Up,200,27900.0,0.0
HPG,10:27:20,Buy Up,300,27900.0,0.0
HPG,10:27:20,Buy Up,100,27900.0,0.0
HPG,10:27:20,Buy Up,5000,27900.0,0.0
HPG,10:27:20,Buy Up,600,27900.0,0.0
HPG,10:27:17,Buy Up,200,27900.0,0.0
HPG,10:27:12,Buy Up,300,27900.0,0.0
HPG,10:27:10,Buy Up,100,27900.0,50.0
HPG,10:27:07,Sell Down,1100,27850.0,0.0
HPG,10:27:07,Sell Down,1000,27850.0,0.0
HPG,10:27:07,Sell Down,2900,27850.0,-50.0
HPG,10:27:03,Buy Up,300,27900.0,0.0
HPG,10:27:03,Buy Up,100,27900.0,0.0
HPG,10:26:55,Buy Up,400,27900.0,50.0
HPG,10:26:54,Sell Down,600,27850.0,0.0
HPG,10:26:47,Sell Down,100,27850.0,0.0
HPG,10:26:47,Sell Down,1000,27850.0,0.0
HPG,10:26:46,Sell Down,400,27850.0,0.0
HPG,10:26:46,Sell Down,2500,27850.0,-50.0
HPG,10:26:45,Buy Up,300,27900.0,50.0
HPG,10:26:41,Sell Down,1000,27850.0,-50.0
HPG,10:26:36,Buy Up,300,27900.0,50.0
HPG,10:26:33,Sell Down,1000,27850.0,-50.0
HPG,10:26:31,Buy Up,100,27900.0,0.0
HPG,10:26:27,Buy Up,300,27900.0,0.0
HPG,10:26:17,Buy Up,400,27900.0,50.0
HPG,10:26:16,Sell Down,1000,27850.0,-50.0
HPG,10:26:15,Buy Up,2000,27900.0,50.0
HPG,10:26:08,Sell Down,800,27850.0,-50.0
HPG,10:26:08,Buy Up,300,27900.0,50.0
HPG,10:26:03,Sell Down,3600,27850.0,-50.0
HPG,10:26:03,Buy Up,900,27900.0,0.0
HPG,10:25:59,Buy Up,300,27900.0,0.0
HPG,10:25:56,Buy Up,5000,27900.0,50.0
HPG,10:25:51,Sell Down,100,27850.0,0.0
HPG,10:25:51,Sell Down,900,27850.0,-50.0
HPG,10:25:51,Buy Up,400,27900.0,0.0
HPG,10:25:49,Buy Up,100,27900.0,0.0
HPG,10:25:45,Buy Up,3000,27900.0,50.0
HPG,10:25:45,Buy Up,3000,27900.0,50.0
HPG,10:25:42,Sell Down,5000,27850.0,-50.0
HPG,10:25:41,Buy Up,300,27900.0,50.0
HPG,10:25:40,Sell Down,200,27850.0,-50.0
HPG,10:25:34,Buy Up,400,27900.0,0.0
HPG,10:25:31,Buy Up,100,27900.0,0.0
HPG,10:25:23,Buy Up,300,27900.0,0.0
HPG,10:25:20,Buy Up,300,27900.0,0.0
HPG,10:25:19,Buy Up,500,27900.0,50.0
HPG,10:25:11,Sell Down,2800,27850.0,-50.0
HPG,10:25:06,Buy Up,10000,27900.0,0.0
HPG,10:25:05,Buy Up,400,27900.0,50.0
HPG,10:25:05,Sell Down,21100,27850.0,0.0
HPG,10:25:05,Sell Down,2000,27850.0,0.0
HPG,10:25:05,Sell Down,100,27850.0,0.0
HPG,10:25:05,Sell Down,100,27850.0,0.0
HPG,10:25:05,Sell Down,1000,27850.0,0.0
HPG,10:25:05,Sell Down,1000,27850.0,0.0
HPG,10:25:05,Sell Down,17900,27850.0,-50.0
HPG,10:25:01,Buy Up,900,27900.0,0.0
HPG,10:25:01,Buy Up,500,27900.0,0.0
HPG,10:25:01,Buy Up,500,27900.0,0.0
HPG,10:25:01,Buy Up,500,27900.0,0.0
HPG,10:25:01,Buy Up,500,27900.0,0.0
HPG,10:24:59,Buy Up,1000,27900.0,0.0
HPG,10:24:59,Buy Up,500,27900.0,0.0
HPG,10:24:59,Buy Up,1500,27900.0,0.0
HPG,10:24:56,Buy Up,400,27900.0,50.0
HPG,10:24:56,Sell Down,100,27850.0,-50.0
HPG,10:24:47,Buy Up,300,27900.0,50.0
HPG,10:24:41,Sell Down,100,27850.0,-50.0
HPG,10:24:39,Buy Up,2800,27900.0,0.0
HPG,10:24:39,Buy Up,1200,27900.0,0.0
HPG,10:24:39,Buy Up,200,27900.0,0.0
HPG,10:24:39,Buy Up,100,27900.0,0.0
HPG,10:24:39,Buy Up,500,27900.0,0.0
HPG,10:24:39,Buy Up,500,27900.0,0.0
HPG,10:24:39,Buy Up,500,27900.0,0.0
HPG,10:24:39,Buy Up,1000,27900.0,0.0
HPG,10:24:39,Buy Up,2000,27900.0,0.0
HPG,10:24:39,Buy Up,1000,27900.0,0.0
HPG,10:24:39,Buy Up,500,27900.0,0.0
HPG,10:24:39,Buy Up,100,27900.0,0.0
HPG,10:24:39,Buy Up,500,27900.0,0.0
HPG,10:24:39,Buy Up,100,27900.0,0.0
HPG,10:24:39,Buy Up,26800,27900.0,0.0
HPG,10:24:39,Buy Up,1200,27900.0,0.0
HPG,10:24:39,Buy Up,200,27900.0,0.0
HPG,10:24:39,Buy Up,3000,27900.0,0.0
HPG,10:24:39,Buy Up,5000,27900.0,0.0
HPG,10:24:39,Buy Up,1000,27900.0,0.0
HPG,10:24:39,Buy Up,700,27900.0,0.0
HPG,10:24:39,Buy Up,1000,27900.0,0.0
HPG,10:24:39,Buy Up,1000,27900.0,0.0
HPG,10:24:39,Buy Up,1000,27900.0,0.0
HPG,10:24:39,Buy Up,100,27900.0,0.0
HPG,10:24:39,Buy Up,2400,27900.0,0.0
HPG,10:24:39,Buy Up,900,27900.0,0.0
HPG,10:24:39,Buy Up,1000,27900.0,0.0
HPG,10:24:39,Buy Up,700,27900.0,0.0
HPG,10:24:39,Buy Up,500,27900.0,0.0
HPG,10:24:39,Buy Up,32400,27900.0,0.0
HPG,10:24:38,Buy Up,300,27900.0,50.0
HPG,10:24:35,Sell Down,2000,27850.0,-50.0
HPG,10:24:33,Buy Up,1000,27900.0,50.0
HPG,10:24:30,Sell Down,100,27850.0,-50.0
HPG,10:24:30,Buy Up,400,27900.0,0.0
HPG,10:24:23,Buy Up,49600,27900.0,0.0
HPG,10:24:23,Buy Up,400,27900.0,0.0
HPG,10:24:20,Buy Up,400,27900.0,50.0
HPG,10:24:16,Sell Down,100,27850.0,0.0
HPG,10:24:16,Sell Down,200,27850.0,0.0
HPG,10:24:16,Sell Down,200,27850.0,0.0
HPG,10:24:16,Sell Down,200,27850.0,0.0
HPG,10:24:16,Sell Down,200,27850.0,-50.0
HPG,10:24:13,Buy Up,200,27900.0,0.0
HPG,10:24:13,Buy Up,1000,27900.0,0.0
HPG,10:24:13,Buy Up,300,27900.0,0.0
HPG,10:24:13,Buy Up,2000,27900.0,0.0
HPG,10:24:13,Buy Up,1500,27900.0,0.0
HPG,10:24:13,Buy Up,100,27900.0,0.0
HPG,10:24:13,Buy Up,1700,27900.0,0.0
HPG,10:24:13,Buy Up,2000,27900.0,0.0
HPG,10:24:13,Buy Up,1200,27900.0,0.0
HPG,10:24:11,Buy Up,300,27900.0,50.0
HPG,10:24:09,Sell Down,3000,27850.0,-50.0
HPG,10:24:03,Buy Up,200,27900.0,0.0
HPG,10:24:02,Buy Up,300,27900.0,0.0
HPG,10:23:53,Buy Up,300,27900.0,50.0
HPG,10:23:47,Sell Down,3100,27850.0,-50.0
HPG,10:23:44,Buy Up,300,27900.0,50.0
HPG,10:23:39,Sell Down,500,27850.0,0.0
HPG,10:23:36,Sell Down,200,27850.0,-50.0
HPG,10:23:35,Buy Up,400,27900.0,50.0
HPG,10:23:27,Sell Down,300,27850.0,-50.0
HPG,10:23:26,Buy Up,300,27900.0,50.0
HPG,10:23:22,Sell Down,300,27850.0,-50.0
HPG,10:23:17,Buy Up,400,27900.0,50.0
HPG,10:23:11,Sell Down,1000,27850.0,-50.0
HPG,10:23:09,Buy Up,300,27900.0,0.0
HPG,10:23:04,Buy Up,500,27900.0,50.0
HPG,10:23:02,Sell Down,3100,27850.0,0.0
HPG,10:22:59,Sell Down,400,27850.0,-50.0
HPG,10:22:59,Buy Up,300,27900.0,0.0
HPG,10:22:50,Buy Up,400,27900.0,0.0
HPG,10:22:47,Buy Up,5000,27900.0,0.0
HPG,10:22:41,Buy Up,400,27900.0,0.0
HPG,10:22:32,Buy Up,100,27900.0,0.0
HPG,10:22:32,Buy Up,200,27900.0,0.0
HPG,10:22:23,Buy Up,300,27900.0,0.0
HPG,10:22:23,Buy Up,100,27900.0,50.0
HPG,10:22:18,Sell Down,2800,27850.0,0.0
HPG,10:22:17,Sell Down,5000,27850.0,-50.0
HPG,10:22:14,Buy Up,400,27900.0,50.0
HPG,10:22:08,Sell Down,5300,27850.0,-50.0
HPG,10:22:05,Buy Up,400,27900.0,0.0
HPG,10:21:56,Buy Up,400,27900.0,50.0
HPG,10:21:50,Sell Down,1900,27850.0,-50.0
HPG,10:21:48,Buy Up,400,27900.0,0.0
HPG,10:21:38,Buy Up,300,27900.0,50.0
HPG,10:21:35,Sell Down,2000,27850.0,0.0
HPG,10:21:35,Sell Down,200,27850.0,0.0
HPG,10:21:35,Sell Down,800,27850.0,-50.0
HPG,10:21:29,Buy Up,100,27900.0,0.0
HPG,10:21:29,Buy Up,200,27900.0,50.0
HPG,10:21:25,Sell Down,100,27850.0,0.0
HPG,10:21:20,Buy Up,2000,27850.0,0.0
HPG,10:21:20,Buy Up,2100,27850.0,0.0
HPG,10:21:20,Buy Up,300,27850.0,0.0
HPG,10:21:18,Buy Up,200,27850.0,0.0
HPG,10:21:18,Buy Up,2000,27850.0,0.0
HPG,10:21:15,Buy Up,5000,27850.0,0.0
HPG,10:21:11,Buy Up,300,27850.0,0.0
HPG,10:21:08,Buy Up,100,27850.0,0.0
HPG,10:21:08,Buy Up,2900,27850.0,0.0
HPG,10:21:02,Buy Up,100,27850.0,0.0
HPG,10:21:02,Buy Up,300,27850.0,50.0
HPG,10:20:59,Sell Down,300,27800.0,-50.0
HPG,10:20:56,Buy Up,7700,27850.0,0.0
HPG,10:20:56,Buy Up,1000,27850.0,0.0
HPG,10:20:56,Buy Up,1000,27850.0,0.0
HPG,10:20:56,Buy Up,6000,27850.0,0.0
HPG,10:20:56,Buy Up,7000,27850.0,0.0
HPG,10:20:56,Buy Up,8300,27850.0,0.0
HPG,10:20:56,Buy Up,700,27850.0,0.0
HPG,10:20:56,Buy Up,500,27850.0,0.0
HPG,10:20:56,Buy Up,100,27850.0,0.0
HPG,10:20:56,Buy Up,5500,27850.0,0.0
HPG,10:20:56,Buy Up,5400,27850.0,0.0
HPG,10:20:56,Buy Up,500,27850.0,0.0
HPG,10:20:56,Buy Up,3900,27850.0,0.0
HPG,10:20:56,Buy Up,2000,27850.0,0.0
HPG,10:20:56,Buy Up,400,27850.0,0.0
HPG,10:20:53,Buy Up,300,27850.0,0.0
HPG,10:20:45,Buy Up,300,27850.0,0.0
HPG,10:20:45,Buy Up,300,27850.0,0.0
HPG,10:20:44,Buy Up,700,27850.0,0.0
HPG,10:20:44,Buy Up,100,27850.0,0.0
HPG,10:20:44,Buy Up,200,27850.0,0.0
HPG,10:20:35,Buy Up,300,27850.0,0.0
HPG,10:20:27,Buy Up,500,27850.0,0.0
HPG,10:20:27,Buy Up,4500,27850.0,0.0
HPG,10:20:26,Buy Up,300,27850.0,0.0
HPG,10:20:20,Buy Up,2500,27850.0,0.0
HPG,10:20:19,Buy Up,500,27850.0,0.0
HPG,10:20:17,Buy Up,300,27850.0,0.0
HPG,10:20:16,Buy Up,200,27850.0,50.0
HPG,10:20:15,Sell Down,300,27800.0,-50.0
HPG,10:20:07,Buy Up,300,27850.0,50.0
HPG,10:20:07,Sell Down,2900,27800.0,-50.0
HPG,10:20:03,Buy Up,100,27850.0,0.0
HPG,10:19:59,Buy Up,400,27850.0,0.0
HPG,10:19:50,Buy Up,400,27850.0,0.0
HPG,10:19:49,Buy Up,15500,27850.0,0.0
HPG,10:19:49,Buy Up,800,27850.0,0.0
HPG,10:19:49,Buy Up,500,27850.0,0.0
HPG,10:19:49,Buy Up,1000,27850.0,0.0
HPG,10:19:49,Buy Up,1000,27850.0,0.0
HPG,10:19:49,Buy Up,200,27850.0,0.0
HPG,10:19:49,Buy Up,500,27850.0,0.0
HPG,10:19:49,Buy Up,30000,27850.0,0.0
HPG,10:19:49,Buy Up,500,27850.0,0.0
HPG,10:19:49,Buy Up,2000,27850.0,0.0
HPG,10:19:49,Buy Up,100,27850.0,0.0
HPG,10:19:49,Buy Up,1000,27850.0,0.0
HPG,10:19:49,Buy Up,200,27850.0,0.0
HPG,10:19:49,Buy Up,600,27850.0,0.0
HPG,10:19:49,Buy Up,1000,27850.0,0.0
HPG,10:19:49,Buy Up,1000,27850.0,0.0
HPG,10:19:49,Buy Up,200,27850.0,0.0
HPG,10:19:49,Buy Up,1000,27850.0,0.0
HPG,10:19:49,Buy Up,300,27850.0,0.0
HPG,10:19:49,Buy Up,2000,27850.0,0.0
HPG,10:19:49,Buy Up,10000,27850.0,0.0
HPG,10:19:49,Buy Up,200,27850.0,0.0
HPG,10:19:49,Buy Up,400,27850.0,50.0
HPG,10:19:42,Sell Down,100,27800.0,-50.0
HPG,10:19:41,Buy Up,400,27850.0,50.0
HPG,10:19:36,Sell Down,6900,27800.0,0.0
HPG,10:19:36,Sell Down,100,27800.0,-50.0
HPG,10:19:36,Sell Down,100,27800.0,-50.0
HPG,10:19:31,Buy Up,200,27850.0,0.0
HPG,10:19:31,Buy Up,100,27850.0,50.0
HPG,10:19:25,Sell Down,3000,27800.0,-50.0
HPG,10:19:24,Buy Up,300,27850.0,50.0
HPG,10:19:23,Sell Down,6900,27800.0,0.0
HPG,10:19:23,Sell Down,2000,27800.0,0.0
HPG,10:19:23,Sell Down,100,27800.0,0.0
HPG,10:19:23,Sell Down,200,27800.0,0.0
HPG,10:19:23,Sell Down,10000,27800.0,0.0
HPG,10:19:23,Sell Down,3600,27800.0,0.0
HPG,10:19:23,Sell Down,1000,27800.0,0.0
HPG,10:19:23,Sell Down,500,27800.0,0.0
HPG,10:19:23,Sell Down,100,27800.0,0.0
HPG,10:19:23,Sell Down,2400,27800.0,0.0
HPG,10:19:23,Sell Down,200,27800.0,0.0
HPG,10:19:23,Sell Down,10000,27800.0,0.0
HPG,10:19:23,Sell Down,100,27800.0,0.0
HPG,10:19:23,Sell Down,6700,27800.0,0.0
HPG,10:19:18,Sell Down,5300,27800.0,0.0
HPG,10:19:15,Sell Down,100,27800.0,-50.0
HPG,10:19:13,Buy Up,300,27850.0,0.0
HPG,10:19:05,Buy Up,100,27850.0,0.0
HPG,10:19:05,Buy Up,100,27850.0,0.0
HPG,10:19:05,Buy Up,400,27850.0,0.0
HPG,10:19:05,Buy Up,100,27850.0,0.0
HPG,10:19:05,Buy Up,200,27850.0,0.0
HPG,10:19:05,Buy Up,300,27850.0,0.0
HPG,10:19:04,Buy Up,100,27850.0,0.0
HPG,10:18:55,Buy Up,100,27850.0,0.0
HPG,10:18:55,Buy Up,200,27850.0,50.0
HPG,10:18:47,Sell Down,5000,27800.0,-50.0
HPG,10:18:47,Buy Up,300,27850.0,0.0
HPG,10:18:47,Buy Up,100,27850.0,0.0
HPG,10:18:45,Buy Up,100,27850.0,50.0
HPG,10:18:41,Sell Down,2800,27800.0,-50.0
HPG,10:18:37,Buy Up,400,27850.0,50.0
HPG,10:18:29,Sell Down,100,27800.0,0.0
HPG,10:18:29,Sell Down,200,27800.0,-50.0
HPG,10:18:28,Buy Up,300,27850.0,0.0
HPG,10:18:20,Buy Up,300,27850.0,0.0
HPG,10:18:14,Buy Up,800,27850.0,0.0
HPG,10:18:14,Buy Up,600,27850.0,0.0
HPG,10:18:14,Buy Up,600,27850.0,0.0
HPG,10:18:11,Buy Up,300,27850.0,0.0
HPG,10:18:02,Buy Up,300,27850.0,0.0
HPG,10:18:00,Buy Up,200,27850.0,50.0
HPG,10:18:00,Sell Down,1300,27800.0,0.0
HPG,10:18:00,Sell Down,1900,27800.0,-50.0
HPG,10:17:58,Buy Up,100,27850.0,0.0
HPG,10:17:52,Buy Up,300,27850.0,50.0
HPG,10:17:46,Sell Down,200,27800.0,-50.0
HPG,10:17:43,Buy Up,300,27850.0,0.0
HPG,10:17:36,Buy Up,100,27850.0,0.0
HPG,10:17:36,Buy Up,5000,27850.0,0.0
HPG,10:17:34,Buy Up,300,27850.0,0.0
HPG,10:17:27,Buy Up,100,27850.0,0.0
HPG,10:17:25,Buy Up,400,27850.0,0.0
HPG,10:17:23,Buy Up,500,27850.0,0.0
HPG,10:17:20,Buy Up,900,27850.0,0.0
HPG,10:17:19,Buy Up,100,27850.0,0.0
HPG,10:17:19,Buy Up,600,27850.0,0.0
HPG,10:17:19,Buy Up,1000,27850.0,0.0
HPG,10:17:19,Buy Up,2300,27850.0,0.0
HPG,10:17:19,Buy Up,700,27850.0,0.0
HPG,10:17:19,Buy Up,1000,27850.0,0.0
HPG,10:17:19,Buy Up,300,27850.0,0.0
HPG,10:17:19,Buy Up,8000,27850.0,0.0
HPG,10:17:19,Buy Up,1000,27850.0,0.0
HPG,10:17:19,Buy Up,4000,27850.0,0.0
HPG,10:17:16,Buy Up,300,27850.0,0.0
HPG,10:17:14,Buy Up,1000,27850.0,50.0
HPG,10:17:14,Sell Down,3000,27800.0,-50.0
HPG,10:17:09,Buy Up,400,27850.0,0.0
HPG,10:17:07,Buy Up,300,27850.0,0.0
HPG,10:17:00,Buy Up,400,27850.0,0.0
HPG,10:16:54,Buy Up,52000,27850.0,0.0
HPG,10:16:54,Buy Up,2500,27850.0,0.0
HPG,10:16:52,Buy Up,10000,27850.0,0.0
HPG,10:16:49,Buy Up,400,27850.0,0.0
HPG,10:16:45,Buy Up,100,27850.0,0.0
HPG,10:16:45,Buy Up,15000,27850.0,0.0
HPG,10:16:40,Buy Up,300,27850.0,0.0
HPG,10:16:39,Buy Up,100,27850.0,0.0
HPG,10:16:38,Buy Up,100,27850.0,50.0
HPG,10:16:37,Sell Down,300,27800.0,0.0
HPG,10:16:33,Sell Down,100,27800.0,0.0
HPG,10:16:33,Sell Down,100,27800.0,0.0
HPG,10:16:33,Sell Down,200,27800.0,0.0
HPG,10:16:33,Sell Down,200,27800.0,0.0
HPG,10:16:33,Sell Down,100,27800.0,-50.0
HPG,10:16:31,Buy Up,400,27850.0,50.0
HPG,10:16:28,Sell Down,2900,27800.0,-50.0
HPG,10:16:25,Buy Up,5000,27850.0,0.0
HPG,10:16:22,Buy Up,300,27850.0,0.0
HPG,10:16:13,Buy Up,300,27850.0,0.0
HPG,10:16:05,Buy Up,4000,27850.0,50.0
HPG,10:16:04,Sell Down,100,27800.0,-50.0
HPG,10:16:04,Buy Up,400,27850.0,0.0
HPG,10:16:01,Buy Up,1000,27850.0,0.0
HPG,10:15:56,Buy Up,400,27850.0,0.0
HPG,10:15:55,Buy Up,1000,27850.0,50.0
HPG,10:15:46,Sell Down,3200,27800.0,-50.0
HPG,10:15:46,Buy Up,400,27850.0,0.0
HPG,10:15:37,Buy Up,400,27850.0,0.0
HPG,10:15:33,Buy Up,100,27850.0,0.0
HPG,10:15:28,Buy Up,300,27850.0,0.0
HPG,10:15:27,Buy Up,6000,27850.0,0.0
HPG,10:15:25,Buy Up,1500,27850.0,0.0
HPG,10:15:19,Buy Up,300,27850.0,0.0
HPG,10:15:15,Buy Up,100,27850.0,0.0
HPG,10:15:10,Buy Up,300,27850.0,0.0
HPG,10:15:02,Buy Up,2500,27850.0,0.0
HPG,10:15:01,Buy Up,300,27850.0,50.0
HPG,10:15:01,Sell Down,3000,27800.0,-50.0
HPG,10:14:52,Buy Up,300,27850.0,0.0
HPG,10:14:44,Buy Up,400,27850.0,0.0
HPG,10:14:36,Buy Up,400,27850.0,0.0
HPG,10:14:31,Buy Up,700,27850.0,50.0
HPG,10:14:29,Sell Down,150000,27800.0,0.0
HPG,10:14:26,Sell Down,15000,27800.0,-50.0
HPG,10:14:25,Buy Up,300,27850.0,50.0
HPG,10:14:23,Sell Down,8100,27800.0,-50.0
HPG,10:14:16,Buy Up,300,27850.0,50.0
HPG,10:14:15,Sell Down,2900,27800.0,-50.0
HPG,10:14:07,Buy Up,100,27850.0,0.0
HPG,10:14:07,Buy Up,300,27850.0,50.0
HPG,10:14:06,Sell Down,100,27800.0,0.0
HPG,10:13:59,Sell Down,100,27800.0,0.0
HPG,10:13:59,Sell Down,400,27800.0,-50.0
HPG,10:13:58,Buy Up,300,27850.0,0.0
HPG,10:13:55,Buy Up,400,27850.0,0.0
HPG,10:13:55,Buy Up,100,27850.0,50.0
HPG,10:13:52,Sell Down,7700,27800.0,-50.0
HPG,10:13:49,Buy Up,200,27850.0,0.0
HPG,10:13:49,Buy Up,100,27850.0,0.0
HPG,10:13:40,Buy Up,300,27850.0,50.0
HPG,10:13:38,Sell Down,200,27800.0,0.0
HPG,10:13:33,Sell Down,3000,27800.0,0.0
HPG,10:13:32,Sell Down,58400,27800.0,0.0
HPG,10:13:32,Sell Down,200,27800.0,0.0
HPG,10:13:32,Sell Down,1000,27800.0,0.0
HPG,10:13:32,Sell Down,21600,27800.0,0.0
HPG,10:13:32,Buy Up,300,27800.0,0.0
HPG,10:13:30,Buy Up,100,27800.0,0.0
HPG,10:13:26,Buy Up,2000,27800.0,0.0
HPG,10:13:24,Buy Up,500,27800.0,50.0
HPG,10:13:23,Sell Down,300,27750.0,-50.0
HPG,10:13:21,Buy Up,300,27800.0,0.0
HPG,10:13:20,Buy Up,500,27800.0,0.0
HPG,10:13:18,Buy Up,5000,27800.0,0.0
HPG,10:13:18,Buy Up,200,27800.0,0.0
HPG,10:13:10,Buy Up,200,27800.0,0.0
HPG,10:13:10,Buy Up,100,27800.0,0.0
HPG,10:13:09,Buy Up,10000,27800.0,0.0
HPG,10:13:09,Buy Up,10000,27800.0,0.0
HPG,10:13:07,Buy Up,200,27800.0,0.0
HPG,10:13:07,Buy Up,9000,27800.0,0.0
HPG,10:13:07,Buy Up,400,27800.0,0.0
HPG,10:13:07,Buy Up,100,27800.0,0.0
HPG,10:13:07,Buy Up,1800,27800.0,0.0
HPG,10:13:07,Buy Up,37700,27800.0,-50.0
HPG,10:13:02,Buy Up,300,27850.0,50.0
HPG,10:12:59,Sell Down,1000,27800.0,0.0
HPG,10:12:58,Sell Down,300,27800.0,0.0
HPG,10:12:58,Sell Down,500,27800.0,0.0
HPG,10:12:58,Sell Down,500,27800.0,0.0
HPG,10:12:58,Sell Down,6000,27800.0,0.0
HPG,10:12:58,Sell Down,3900,27800.0,0.0
HPG,10:12:58,Sell Down,3000,27800.0,0.0
HPG,10:12:58,Sell Down,300,27800.0,0.0
HPG,10:12:58,Sell Down,46800,27800.0,0.0
HPG,10:12:57,Buy Up,3200,27800.0,0.0
HPG,10:12:57,Buy Up,1400,27800.0,0.0
HPG,10:12:56,Buy Up,100,27800.0,50.0
HPG,10:12:56,Sell Down,400,27750.0,-50.0
HPG,10:12:55,Buy Up,100,27800.0,0.0
HPG,10:12:55,Buy Up,400,27800.0,0.0
HPG,10:12:55,Buy Up,100,27800.0,0.0
HPG,10:12:53,Buy Up,300,27800.0,0.0
HPG,10:12:49,Buy Up,1000,27800.0,0.0
HPG,10:12:44,Buy Up,400,27800.0,0.0
HPG,10:12:35,Buy Up,400,27800.0,0.0
HPG,10:12:26,Buy Up,300,27800.0,0.0
HPG,10:12:26,Buy Up,100,27800.0,0.0
HPG,10:12:24,Buy Up,200,27800.0,0.0
HPG,10:12:23,Buy Up,200,27800.0,0.0
HPG,10:12:23,Buy Up,1000,27800.0,0.0
HPG,10:12:23,Buy Up,4800,27800.0,0.0
HPG,10:12:17,Buy Up,300,27800.0,50.0
HPG,10:12:13,Sell Down,100,27750.0,-50.0
HPG,10:12:12,Buy Up,100,27800.0,0.0
HPG,10:12:12,Buy Up,100,27800.0,0.0
HPG,10:12:12,Buy Up,100,27800.0,0.0
HPG,10:12:10,Buy Up,100,27800.0,50.0
HPG,10:12:10,Sell Down,300,27750.0,-50.0
HPG,10:12:08,Buy Up,300,27800.0,0.0
HPG,10:12:08,Buy Up,500,27800.0,50.0
HPG,10:12:07,Sell Down,10000,27750.0,0.0
HPG,10:12:05,Sell Down,300,27750.0,-50.0
HPG,10:12:04,Buy Up,100,27800.0,50.0
HPG,10:12:01,Sell Down,2000,27750.0,-50.0
HPG,10:11:59,Buy Up,400,27800.0,0.0
HPG,10:11:56,Buy Up,1000,27800.0,50.0
HPG,10:11:56,Sell Down,1000,27750.0,-50.0
HPG,10:11:56,Buy Up,1000,27800.0,0.0
HPG,10:11:54,Buy Up,1800,27800.0,0.0
HPG,10:11:54,Buy Up,8200,27800.0,0.0
HPG,10:11:46,Buy Up,100,27800.0,50.0
HPG,10:11:42,Sell Down,12400,27750.0,0.0
HPG,10:11:42,Sell Down,1500,27750.0,0.0
HPG,10:11:42,Sell Down,5000,27750.0,0.0
HPG,10:11:42,Sell Down,100,27750.0,0.0
HPG,10:11:42,Sell Down,100,27750.0,-50.0
HPG,10:11:41,Buy Up,400,27800.0,0.0
HPG,10:11:41,Buy Up,500,27800.0,0.0
HPG,10:11:41,Buy Up,30000,27800.0,0.0
HPG,10:11:41,Buy Up,1000,27800.0,0.0
HPG,10:11:41,Buy Up,2000,27800.0,0.0
HPG,10:11:41,Buy Up,100,27800.0,0.0
HPG,10:11:41,Buy Up,2000,27800.0,0.0
HPG,10:11:41,Buy Up,1000,27800.0,0.0
HPG,10:11:41,Sell Down,2000,27800.0,0.0
HPG,10:11:41,Sell Down,200,27800.0,0.0
HPG,10:11:41,Sell Down,1000,27800.0,0.0
HPG,10:11:41,Sell Down,100,27800.0,0.0
HPG,10:11:41,Sell Down,1000,27800.0,0.0
HPG,10:11:41,Sell Down,1500,27800.0,0.0
HPG,10:11:41,Sell Down,500,27800.0,0.0
HPG,10:11:41,Sell Down,100,27800.0,0.0
HPG,10:11:41,Sell Down,100,27800.0,0.0
HPG,10:11:41,Sell Down,100,27800.0,0.0
HPG,10:11:41,Sell Down,200,27800.0,0.0
HPG,10:11:41,Sell Down,600,27800.0,0.0
HPG,10:11:41,Sell Down,1000,27800.0,0.0
HPG,10:11:41,Sell Down,400,27800.0,0.0
HPG,10:11:41,Sell Down,1000,27800.0,0.0
HPG,10:11:41,Sell Down,100,27800.0,0.0
HPG,10:11:41,Sell Down,2000,27800.0,0.0
HPG,10:11:41,Sell Down,500,27800.0,0.0
HPG,10:11:41,Sell Down,1000,27800.0,0.0
HPG,10:11:41,Sell Down,1000,27800.0,0.0
HPG,10:11:41,Sell Down,2000,27800.0,0.0
HPG,10:11:41,Sell Down,1000,27800.0,0.0
HPG,10:11:41,Sell Down,300,27800.0,0.0
HPG,10:11:41,Sell Down,2000,27800.0,0.0
HPG,10:11:41,Sell Down,400,27800.0,0.0
HPG,10:11:41,Sell Down,100,27800.0,0.0
HPG,10:11:41,Sell Down,100,27800.0,0.0
HPG,10:11:41,Sell Down,200,27800.0,0.0
HPG,10:11:41,Sell Down,1000,27800.0,0.0
HPG,10:11:41,Sell Down,100,27800.0,0.0
HPG,10:11:41,Sell Down,1000,27800.0,0.0
HPG,10:11:41,Sell Down,200,27800.0,0.0
HPG,10:11:41,Sell Down,500,27800.0,0.0
HPG,10:11:41,Sell Down,30000,27800.0,0.0
HPG,10:11:41,Sell Down,1000,27800.0,0.0
HPG,10:11:41,Sell Down,5000,27800.0,0.0
HPG,10:11:41,Sell Down,200,27800.0,0.0
HPG,10:11:41,Sell Down,5000,27800.0,0.0
HPG,10:11:41,Sell Down,100,27800.0,0.0
HPG,10:11:41,Sell Down,200,27800.0,0.0
HPG,10:11:41,Sell Down,100,27800.0,0.0
HPG,10:11:41,Sell Down,500,27800.0,0.0
HPG,10:11:41,Sell Down,200,27800.0,0.0
HPG,10:11:41,Sell Down,700,27800.0,0.0
HPG,10:11:41,Sell Down,300,27800.0,0.0
HPG,10:11:41,Sell Down,3000,27800.0,0.0
HPG,10:11:41,Sell Down,1000,27800.0,0.0
HPG,10:11:41,Sell Down,100,27800.0,0.0
HPG,10:11:41,Sell Down,5000,27800.0,0.0
HPG,10:11:41,Sell Down,300,27800.0,0.0
HPG,10:11:41,Sell Down,1000,27800.0,0.0
HPG,10:11:41,Sell Down,20000,27800.0,0.0
HPG,10:11:41,Sell Down,500,27800.0,0.0
HPG,10:11:41,Sell Down,5000,27800.0,0.0
HPG,10:11:41,Sell Down,5000,27800.0,0.0
HPG,10:11:41,Sell Down,2000,27800.0,0.0
HPG,10:11:41,Sell Down,1000,27800.0,0.0
HPG,10:11:41,Sell Down,1000,27800.0,0.0
HPG,10:11:41,Sell Down,500,27800.0,0.0
HPG,10:11:41,Sell Down,2000,27800.0,0.0
HPG,10:11:41,Sell Down,200,27800.0,0.0
HPG,10:11:41,Sell Down,3000,27800.0,0.0
HPG,10:11:41,Sell Down,3900,27800.0,0.0
HPG,10:11:41,Sell Down,100,27800.0,0.0
HPG,10:11:41,Sell Down,3000,27800.0,0.0
HPG,10:11:41,Sell Down,2300,27800.0,0.0
HPG,10:11:41,Sell Down,100,27800.0,0.0
HPG,10:11:41,Sell Down,1000,27800.0,0.0
HPG,10:11:41,Sell Down,100,27800.0,0.0
HPG,10:11:41,Sell Down,1000,27800.0,0.0
HPG,10:11:41,Sell Down,500,27800.0,0.0
HPG,10:11:41,Sell Down,100,27800.0,0.0
HPG,10:11:41,Sell Down,400,27800.0,0.0
HPG,10:11:41,Sell Down,1000,27800.0,0.0
HPG,10:11:41,Sell Down,300,27800.0,0.0
HPG,10:11:41,Sell Down,2000,27800.0,0.0
HPG,10:11:41,Sell Down,13000,27800.0,0.0
HPG,10:11:41,Sell Down,200,27800.0,0.0
HPG,10:11:41,Sell Down,3000,27800.0,0.0
HPG,10:11:41,Sell Down,1000,27800.0,0.0
HPG,10:11:41,Sell Down,100,27800.0,0.0
HPG,10:11:41,Sell Down,100,27800.0,0.0
HPG,10:11:41,Sell Down,300,27800.0,0.0
HPG,10:11:41,Sell Down,100,27800.0,0.0
HPG,10:11:41,Sell Down,1000,27800.0,0.0
HPG,10:11:41,Sell Down,300,27800.0,0.0
HPG,10:11:41,Sell Down,2000,27800.0,0.0
HPG,10:11:41,Sell Down,500,27800.0,0.0
HPG,10:11:41,Sell Down,100,27800.0,-50.0
HPG,10:11:40,Buy Up,300,27850.0,0.0
HPG,10:11:39,Buy Up,100,27850.0,50.0
HPG,10:11:38,Sell Down,100,27800.0,0.0
HPG,10:11:38,Sell Down,200,27800.0,-50.0
HPG,10:11:30,Buy Up,400,27850.0,0.0
HPG,10:11:21,Buy Up,300,27850.0,50.0
HPG,10:11:20,Sell Down,800,27800.0,0.0
HPG,10:11:20,Sell Down,6000,27800.0,0.0
HPG,10:11:20,Sell Down,1000,27800.0,0.0
HPG,10:11:20,Sell Down,42200,27800.0,-50.0
HPG,10:11:12,Buy Up,400,27850.0,0.0
HPG,10:11:03,Buy Up,300,27850.0,50.0
HPG,10:10:56,Sell Down,600,27800.0,-50.0
HPG,10:10:54,Buy Up,300,27850.0,50.0
HPG,10:10:51,Sell Down,100,27800.0,0.0
HPG,10:10:51,Sell Down,200,27800.0,-50.0
HPG,10:10:46,Buy Up,3500,27850.0,0.0
HPG,10:10:45,Buy Up,400,27850.0,50.0
HPG,10:10:43,Sell Down,100,27800.0,-50.0
HPG,10:10:42,Buy Up,2000,27850.0,0.0
HPG,10:10:36,Buy Up,400,27850.0,50.0
HPG,10:10:32,Sell Down,6800,27800.0,0.0
HPG,10:10:32,Sell Down,2300,27800.0,0.0
HPG,10:10:32,Sell Down,300,27800.0,-50.0
HPG,10:10:27,Buy Up,400,27850.0,0.0
HPG,10:10:19,Buy Up,300,27850.0,0.0
HPG,10:10:09,Buy Up,400,27850.0,0.0
HPG,10:10:00,Buy Up,400,27850.0,0.0
HPG,10:09:51,Buy Up,100,27850.0,0.0
HPG,10:09:51,Buy Up,1000,27850.0,0.0
HPG,10:09:51,Buy Up,300,27850.0,0.0
HPG,10:09:51,Buy Up,100,27850.0,0.0
HPG,10:09:45,Buy Up,3000,27850.0,50.0
HPG,10:09:44,Sell Down,500,27800.0,-50.0
HPG,10:09:42,Buy Up,300,27850.0,0.0
HPG,10:09:33,Buy Up,300,27850.0,50.0
HPG,10:09:29,Sell Down,200,27800.0,0.0
HPG,10:09:29,Sell Down,100,27800.0,-50.0
HPG,10:09:24,Buy Up,300,27850.0,0.0
HPG,10:09:23,Buy Up,500,27850.0,0.0
HPG,10:09:15,Buy Up,400,27850.0,0.0
HPG,10:09:06,Buy Up,300,27850.0,0.0
HPG,10:09:01,Buy Up,800,27850.0,0.0
HPG,10:09:01,Buy Up,200,27850.0,0.0
HPG,10:08:59,Buy Up,10000,27850.0,0.0
HPG,10:08:57,Buy Up,400,27850.0,50.0
HPG,10:08:51,Sell Down,300,27800.0,0.0
HPG,10:08:51,Sell Down,300,27800.0,0.0
HPG,10:08:51,Sell Down,400,27800.0,-50.0
HPG,10:08:51,Buy Up,10500,27850.0,50.0
HPG,10:08:50,Sell Down,100,27800.0,0.0
HPG,10:08:50,Sell Down,200,27800.0,0.0
HPG,10:08:50,Sell Down,200,27800.0,0.0
HPG,10:08:50,Sell Down,200,27800.0,0.0
HPG,10:08:50,Sell Down,200,27800.0,-50.0
HPG,10:08:48,Buy Up,300,27850.0,0.0
HPG,10:08:39,Buy Up,1500,27850.0,0.0
HPG,10:08:39,Buy Up,300,27850.0,0.0
HPG,10:08:31,Buy Up,2000,27850.0,0.0
HPG,10:08:30,Buy Up,300,27850.0,50.0
HPG,10:08:26,Sell Down,100,27800.0,0.0
HPG,10:08:26,Sell Down,2700,27800.0,0.0
HPG,10:08:26,Sell Down,200,27800.0,0.0
HPG,10:08:26,Sell Down,100,27800.0,0.0
HPG,10:08:26,Sell Down,100,27800.0,0.0
HPG,10:08:26,Sell Down,2000,27800.0,0.0
HPG,10:08:26,Sell Down,100,27800.0,-50.0
HPG,10:08:21,Buy Up,400,27850.0,0.0
HPG,10:08:18,Buy Up,100,27850.0,0.0
HPG,10:08:15,Buy Up,6500,27850.0,0.0
HPG,10:08:12,Buy Up,400,27850.0,0.0
HPG,10:08:05,Buy Up,200,27850.0,0.0
HPG,10:08:03,Buy Up,200,27850.0,0.0
HPG,10:08:03,Buy Up,400,27850.0,0.0
HPG,10:08:02,Buy Up,600,27850.0,0.0
HPG,10:07:55,Buy Up,300,27850.0,0.0
HPG,10:07:52,Buy Up,1100,27850.0,0.0
HPG,10:07:40,Buy Up,100,27850.0,0.0
HPG,10:07:37,Sell Down,400,27850.0,0.0
HPG,10:07:37,Sell Down,300,27850.0,0.0
HPG,10:07:37,Sell Down,2000,27850.0,0.0
HPG,10:07:37,Sell Down,1000,27850.0,0.0
HPG,10:07:37,Sell Down,300,27850.0,0.0
HPG,10:07:37,Sell Down,200,27850.0,0.0
HPG,10:07:37,Sell Down,500,27850.0,0.0
HPG,10:07:37,Sell Down,100,27850.0,0.0
HPG,10:07:37,Sell Down,20500,27850.0,0.0
HPG,10:07:37,Sell Down,100,27850.0,0.0
HPG,10:07:37,Sell Down,38800,27850.0,-50.0
HPG,10:07:37,Sell Down,38800,27850.0,-50.0
HPG,10:07:36,Buy Up,200,27900.0,50.0
HPG,10:07:34,Sell Down,5300,27850.0,-50.0
HPG,10:07:34,Buy Up,300,27900.0,0.0
HPG,10:07:25,Buy Up,300,27900.0,0.0
HPG,10:07:16,Buy Up,300,27900.0,50.0
HPG,10:07:11,Sell Down,200,27850.0,0.0
HPG,10:07:11,Sell Down,5900,27850.0,0.0
HPG,10:07:11,Sell Down,1000,27850.0,0.0
HPG,10:07:11,Sell Down,1000,27850.0,0.0
HPG,10:07:11,Sell Down,4000,27850.0,0.0
HPG,10:07:11,Sell Down,3000,27850.0,0.0
HPG,10:07:11,Sell Down,500,27850.0,0.0
HPG,10:07:11,Sell Down,100,27850.0,0.0
HPG,10:07:11,Sell Down,500,27850.0,0.0
HPG,10:07:11,Sell Down,200,27850.0,0.0
HPG,10:07:11,Sell Down,800,27850.0,0.0
HPG,10:07:11,Sell Down,500,27850.0,0.0
HPG,10:07:11,Sell Down,1000,27850.0,0.0
HPG,10:07:11,Sell Down,500,27850.0,0.0
HPG,10:07:11,Sell Down,1000,27850.0,0.0
HPG,10:07:11,Sell Down,600,27850.0,0.0
HPG,10:07:11,Sell Down,400,27850.0,0.0
HPG,10:07:11,Sell Down,1000,27850.0,0.0
HPG,10:07:11,Sell Down,100,27850.0,0.0
HPG,10:07:11,Sell Down,500,27850.0,0.0
HPG,10:07:11,Sell Down,100,27850.0,0.0
HPG,10:07:11,Sell Down,500,27850.0,0.0
HPG,10:07:11,Sell Down,3000,27850.0,0.0
HPG,10:07:11,Sell Down,200,27850.0,0.0
HPG,10:07:11,Sell Down,100,27850.0,0.0
HPG,10:07:11,Sell Down,100,27850.0,0.0
HPG,10:07:11,Sell Down,200,27850.0,0.0
HPG,10:07:11,Sell Down,2000,27850.0,0.0
HPG,10:07:11,Sell Down,1000,27850.0,-50.0
HPG,10:07:10,Buy Up,500,27900.0,0.0
HPG,10:07:07,Buy Up,300,27900.0,0.0
HPG,10:07:02,Buy Up,300,27900.0,0.0
HPG,10:06:58,Buy Up,300,27900.0,0.0
HPG,10:06:50,Buy Up,300,27900.0,0.0
HPG,10:06:50,Buy Up,300,27900.0,0.0
HPG,10:06:50,Buy Up,1000,27900.0,50.0
HPG,10:06:49,Sell Down,200,27850.0,-50.0
HPG,10:06:40,Buy Up,400,27900.0,0.0
HPG,10:06:31,Buy Up,400,27900.0,0.0
HPG,10:06:31,Buy Up,800,27900.0,50.0
HPG,10:06:24,Sell Down,200,27850.0,-50.0
HPG,10:06:22,Buy Up,400,27900.0,50.0
HPG,10:06:21,Sell Down,5300,27850.0,-50.0
HPG,10:06:13,Buy Up,400,27900.0,50.0
HPG,10:06:11,Sell Down,100,27850.0,-50.0
HPG,10:06:04,Buy Up,300,27900.0,0.0
HPG,10:05:55,Buy Up,300,27900.0,50.0
HPG,10:05:53,Sell Down,5000,27850.0,-50.0
HPG,10:05:47,Buy Up,400,27900.0,50.0
HPG,10:05:41,Sell Down,100,27850.0,0.0
HPG,10:05:38,Sell Down,300,27850.0,-50.0
HPG,10:05:37,Buy Up,300,27900.0,50.0
HPG,10:05:32,Sell Down,5300,27850.0,-50.0
HPG,10:05:28,Buy Up,400,27900.0,50.0
HPG,10:05:26,Sell Down,30000,27850.0,0.0
HPG,10:05:24,Sell Down,100,27850.0,0.0
HPG,10:05:22,Sell Down,1000,27850.0,0.0
HPG,10:05:22,Sell Down,1000,27850.0,0.0
HPG,10:05:22,Sell Down,2400,27850.0,0.0
HPG,10:05:22,Sell Down,25600,27850.0,-50.0
HPG,10:05:19,Buy Up,400,27900.0,0.0
HPG,10:05:19,Buy Up,1000,27900.0,0.0
HPG,10:05:10,Buy Up,300,27900.0,50.0
HPG,10:05:02,Sell Down,5300,27850.0,-50.0
HPG,10:05:01,Buy Up,300,27900.0,0.0
HPG,10:05:00,Buy Up,300,27900.0,50.0
HPG,10:04:59,Sell Down,200,27850.0,0.0
HPG,10:04:59,Sell Down,300,27850.0,0.0
HPG,10:04:59,Sell Down,300,27850.0,0.0
HPG,10:04:59,Sell Down,300,27850.0,0.0
HPG,10:04:56,Sell Down,100,27850.0,-50.0
HPG,10:04:52,Buy Up,300,27900.0,50.0
HPG,10:04:51,Sell Down,300,27850.0,-50.0
HPG,10:04:43,Buy Up,300,27900.0,0.0
HPG,10:04:38,Buy Up,600,27900.0,0.0
HPG,10:04:38,Buy Up,2000,27900.0,0.0
HPG,10:04:34,Buy Up,400,27900.0,0.0
HPG,10:04:29,Buy Up,500,27900.0,0.0
HPG,10:04:25,Buy Up,300,27900.0,0.0
HPG,10:04:16,Buy Up,300,27900.0,50.0
HPG,10:04:15,Sell Down,700,27850.0,-50.0
HPG,10:04:14,Buy Up,3000,27900.0,0.0
HPG,10:04:12,Buy Up,400,27900.0,0.0
HPG,10:04:07,Buy Up,400,27900.0,50.0
HPG,10:04:06,Sell Down,200,27850.0,0.0
HPG,10:04:02,Sell Down,20000,27850.0,-50.0
HPG,10:03:58,Buy Up,300,27900.0,0.0
HPG,10:03:53,Buy Up,6800,27900.0,0.0
HPG,10:03:53,Buy Up,500,27900.0,0.0
HPG,10:03:53,Buy Up,5600,27900.0,0.0
HPG,10:03:49,Buy Up,400,27900.0,0.0
HPG,10:03:40,Buy Up,400,27900.0,50.0
HPG,10:03:34,Sell Down,4000,27850.0,-50.0
HPG,10:03:31,Buy Up,400,27900.0,50.0
HPG,10:03:31,Sell Down,300,27850.0,-50.0
HPG,10:03:22,Buy Up,300,27900.0,0.0
HPG,10:03:13,Buy Up,400,27900.0,0.0
HPG,10:03:04,Buy Up,300,27900.0,50.0
HPG,10:03:02,Sell Down,700,27850.0,-50.0
HPG,10:02:57,Buy Up,500,27900.0,0.0
HPG,10:02:55,Buy Up,300,27900.0,0.0
HPG,10:02:52,Buy Up,100,27900.0,50.0
HPG,10:02:51,Sell Down,400,27850.0,0.0
HPG,10:02:48,Sell Down,2500,27850.0,-50.0
HPG,10:02:46,Buy Up,400,27900.0,50.0
HPG,10:02:42,Sell Down,2500,27850.0,0.0
HPG,10:02:38,Sell Down,2500,27850.0,-50.0
HPG,10:02:37,Buy Up,300,27900.0,50.0
HPG,10:02:32,Sell Down,2500,27850.0,-50.0
HPG,10:02:28,Buy Up,300,27900.0,50.0
HPG,10:02:27,Sell Down,2500,27850.0,0.0
HPG,10:02:21,Sell Down,2500,27850.0,-50.0
HPG,10:02:20,Buy Up,400,27900.0,50.0
HPG,10:02:18,Sell Down,1000,27850.0,-50.0
HPG,10:02:15,Buy Up,200,27900.0,0.0
HPG,10:02:10,Buy Up,500,27900.0,0.0
HPG,10:02:10,Buy Up,400,27900.0,0.0
HPG,10:02:04,Buy Up,200,27900.0,50.0
HPG,10:02:02,Sell Down,500,27850.0,-50.0
HPG,10:02:00,Buy Up,400,27900.0,0.0
HPG,10:01:54,Buy Up,2000,27900.0,0.0
HPG,10:01:52,Buy Up,300,27900.0,0.0
HPG,10:01:43,Buy Up,400,27900.0,0.0
HPG,10:01:34,Buy Up,300,27900.0,0.0
HPG,10:01:29,Buy Up,200,27900.0,0.0
HPG,10:01:24,Buy Up,400,27900.0,0.0
HPG,10:01:23,Buy Up,100,27900.0,0.0
HPG,10:01:19,Buy Up,10000,27900.0,50.0
HPG,10:01:18,Sell Down,1000,27850.0,-50.0
HPG,10:01:16,Buy Up,300,27900.0,50.0
HPG,10:01:11,Sell Down,2500,27850.0,0.0
HPG,10:01:08,Sell Down,200,27850.0,0.0
HPG,10:01:08,Sell Down,200,27850.0,0.0
HPG,10:01:08,Sell Down,300,27850.0,0.0
HPG,10:01:08,Sell Down,200,27850.0,0.0
HPG,10:01:08,Sell Down,200,27850.0,-50.0
HPG,10:01:07,Buy Up,300,27900.0,50.0
HPG,10:01:05,Sell Down,2500,27850.0,-50.0
HPG,10:01:03,Buy Up,200,27900.0,0.0
HPG,10:00:57,Buy Up,400,27900.0,0.0
HPG,10:00:52,Buy Up,100,27900.0,0.0
HPG,10:00:52,Buy Up,400,27900.0,0.0
HPG,10:00:49,Buy Up,400,27900.0,0.0
HPG,10:00:48,Buy Up,1200,27900.0,50.0
HPG,10:00:43,Sell Down,300,27850.0,-50.0
HPG,10:00:40,Buy Up,300,27900.0,0.0
HPG,10:00:34,Buy Up,400,27900.0,0.0
HPG,10:00:31,Buy Up,400,27900.0,0.0
HPG,10:00:29,Buy Up,100,27900.0,50.0
HPG,10:00:29,Sell Down,400,27850.0,-50.0
HPG,10:00:21,Buy Up,400,27900.0,0.0
HPG,10:00:12,Buy Up,400,27900.0,0.0
HPG,10:00:11,Buy Up,1000,27900.0,-50.0
HPG,10:00:09,Buy Up,19600,27950.0,50.0
HPG,10:00:09,Buy Up,30000,27900.0,0.0
HPG,10:00:09,Buy Up,3000,27900.0,0.0
HPG,10:00:09,Buy Up,900,27900.0,0.0
HPG,10:00:09,Buy Up,300,27900.0,0.0
HPG,10:00:09,Buy Up,1000,27900.0,0.0
HPG,10:00:09,Buy Up,200,27900.0,0.0
HPG,10:00:09,Buy Up,800,27900.0,0.0
HPG,10:00:09,Buy Up,300,27900.0,0.0
HPG,10:00:07,Buy Up,1500,27900.0,0.0
HPG,10:00:05,Buy Up,3000,27900.0,50.0
HPG,10:00:04,Sell Down,100,27850.0,-50.0
HPG,10:00:00,Buy Up,200,27900.0,0.0
HPG,10:00:00,Buy Up,1000,27900.0,0.0
HPG,10:00:00,Buy Up,6800,27900.0,0.0
HPG,09:59:59,Buy Up,300,27900.0,0.0
HPG,09:59:59,Buy Up,100,27900.0,0.0
HPG,09:59:55,Sell Down,500,27900.0,0.0
HPG,09:59:55,Sell Down,100,27900.0,0.0
HPG,09:59:55,Sell Down,400,27900.0,0.0
HPG,09:59:55,Sell Down,10000,27900.0,0.0
HPG,09:59:55,Sell Down,100,27900.0,0.0
HPG,09:59:55,Sell Down,200,27900.0,0.0
HPG,09:59:55,Sell Down,200,27900.0,0.0
HPG,09:59:55,Sell Down,100,27900.0,0.0
HPG,09:59:55,Sell Down,1500,27900.0,0.0
HPG,09:59:55,Sell Down,200,27900.0,0.0
HPG,09:59:55,Sell Down,500,27900.0,0.0
HPG,09:59:55,Sell Down,5000,27900.0,0.0
HPG,09:59:55,Sell Down,1000,27900.0,0.0
HPG,09:59:55,Sell Down,500,27900.0,0.0
HPG,09:59:55,Sell Down,100,27900.0,0.0
HPG,09:59:55,Sell Down,200,27900.0,0.0
HPG,09:59:55,Sell Down,100,27900.0,0.0
HPG,09:59:55,Sell Down,3500,27900.0,0.0
HPG,09:59:55,Sell Down,900,27900.0,0.0
HPG,09:59:55,Sell Down,1000,27900.0,0.0
HPG,09:59:55,Sell Down,500,27900.0,0.0
HPG,09:59:55,Sell Down,100,27900.0,0.0
HPG,09:59:55,Sell Down,100,27900.0,0.0
HPG,09:59:55,Sell Down,200,27900.0,0.0
HPG,09:59:55,Sell Down,400,27900.0,0.0
HPG,09:59:55,Sell Down,1000,27900.0,0.0
HPG,09:59:55,Sell Down,1000,27900.0,0.0
HPG,09:59:55,Sell Down,4000,27900.0,0.0
HPG,09:59:55,Sell Down,500,27900.0,0.0
HPG,09:59:55,Sell Down,100,27900.0,0.0
HPG,09:59:55,Sell Down,1000,27900.0,0.0
HPG,09:59:55,Sell Down,500,27900.0,0.0
HPG,09:59:55,Sell Down,500,27900.0,0.0
HPG,09:59:55,Sell Down,2000,27900.0,0.0
HPG,09:59:55,Sell Down,500,27900.0,0.0
HPG,09:59:55,Sell Down,1100,27900.0,0.0
HPG,09:59:55,Sell Down,700,27900.0,0.0
HPG,09:59:55,Sell Down,200,27900.0,0.0
HPG,09:59:55,Sell Down,1000,27900.0,0.0
HPG,09:59:55,Sell Down,1000,27900.0,0.0
HPG,09:59:55,Sell Down,3000,27900.0,0.0
HPG,09:59:55,Sell Down,1000,27900.0,0.0
HPG,09:59:55,Sell Down,10000,27900.0,0.0
HPG,09:59:55,Sell Down,6000,27900.0,0.0
HPG,09:59:55,Sell Down,5000,27900.0,0.0
HPG,09:59:55,Sell Down,5000,27900.0,0.0
HPG,09:59:55,Sell Down,1000,27900.0,0.0
HPG,09:59:55,Sell Down,1000,27900.0,0.0
HPG,09:59:55,Sell Down,7000,27900.0,0.0
HPG,09:59:55,Sell Down,100,27900.0,0.0
HPG,09:59:55,Sell Down,1200,27900.0,0.0
HPG,09:59:55,Sell Down,300,27900.0,0.0
HPG,09:59:55,Sell Down,200,27900.0,0.0
HPG,09:59:55,Sell Down,1000,27900.0,0.0
HPG,09:59:55,Sell Down,500,27900.0,0.0
HPG,09:59:55,Sell Down,400,27900.0,0.0
HPG,09:59:55,Sell Down,400,27900.0,0.0
HPG,09:59:55,Sell Down,200,27900.0,0.0
HPG,09:59:55,Sell Down,7000,27900.0,-50.0
HPG,09:59:54,Buy Up,2000,27950.0,50.0
HPG,09:59:53,Sell Down,500,27900.0,-50.0
HPG,09:59:53,Buy Up,300,27950.0,50.0
HPG,09:59:51,Sell Down,1000,27900.0,0.0
HPG,09:59:44,Sell Down,1500,27900.0,0.0
HPG,09:59:44,Sell Down,1000,27900.0,0.0
HPG,09:59:44,Sell Down,200,27900.0,-50.0
HPG,09:59:43,Buy Up,400,27950.0,50.0
HPG,09:59:35,Sell Down,200,27900.0,-50.0
HPG,09:59:35,Buy Up,400,27950.0,50.0
HPG,09:59:29,Sell Down,2000,27900.0,-50.0
HPG,09:59:25,Buy Up,300,27950.0,0.0
HPG,09:59:23,Buy Up,100,27950.0,50.0
HPG,09:59:20,Sell Down,900,27900.0,-50.0
HPG,09:59:16,Buy Up,400,27950.0,50.0
HPG,09:59:16,Sell Down,700,27900.0,0.0
HPG,09:59:16,Sell Down,200,27900.0,0.0
HPG,09:59:11,Sell Down,800,27900.0,0.0
HPG,09:59:11,Sell Down,8200,27900.0,0.0
HPG,09:59:11,Sell Down,1000,27900.0,0.0
HPG,09:59:09,Sell Down,1000,27900.0,0.0
HPG,09:59:09,Sell Down,100,27900.0,0.0
HPG,09:59:09,Sell Down,900,27900.0,-50.0
HPG,09:59:09,Buy Up,300,27950.0,50.0
HPG,09:59:08,Sell Down,4000,27900.0,-50.0
HPG,09:59:08,Buy Up,2000,27950.0,50.0
HPG,09:59:08,Sell Down,2500,27900.0,0.0
HPG,09:59:04,Sell Down,100,27900.0,0.0
HPG,09:59:03,Sell Down,1000,27900.0,-50.0
HPG,09:58:58,Buy Up,400,27950.0,0.0
HPG,09:58:50,Buy Up,400,27950.0,50.0
HPG,09:58:47,Sell Down,1000,27900.0,0.0
HPG,09:58:41,Sell Down,3000,27900.0,-50.0
HPG,09:58:40,Buy Up,400,27950.0,50.0
HPG,09:58:32,Sell Down,1000,27900.0,-50.0
HPG,09:58:31,Buy Up,400,27950.0,50.0
HPG,09:58:24,Sell Down,300,27900.0,-50.0
HPG,09:58:22,Buy Up,400,27950.0,50.0
HPG,09:58:14,Sell Down,200,27900.0,-50.0
HPG,09:58:13,Buy Up,300,27950.0,50.0
HPG,09:58:12,Sell Down,200,27900.0,-50.0
HPG,09:58:04,Buy Up,400,27950.0,0.0
HPG,09:58:00,Buy Up,700,27950.0,0.0
HPG,09:58:00,Buy Up,300,27950.0,50.0
HPG,09:57:57,Sell Down,500,27900.0,-50.0
HPG,09:57:55,Buy Up,300,27950.0,0.0
HPG,09:57:54,Buy Up,500,27950.0,0.0
HPG,09:57:46,Buy Up,400,27950.0,0.0
HPG,09:57:46,Buy Up,100,27950.0,0.0
HPG,09:57:37,Buy Up,400,27950.0,50.0
HPG,09:57:35,Sell Down,300,27900.0,0.0
HPG,09:57:35,Sell Down,300,27900.0,0.0
HPG,09:57:35,Sell Down,2000,27900.0,0.0
HPG,09:57:35,Sell Down,100,27900.0,0.0
HPG,09:57:35,Sell Down,200,27900.0,0.0
HPG,09:57:35,Sell Down,2000,27900.0,0.0
HPG,09:57:35,Sell Down,1600,27900.0,0.0
HPG,09:57:34,Sell Down,2400,27900.0,0.0
HPG,09:57:34,Sell Down,100,27900.0,0.0
HPG,09:57:28,Sell Down,2500,27900.0,0.0
HPG,09:57:23,Sell Down,2400,27900.0,0.0
HPG,09:57:23,Sell Down,100,27900.0,-50.0
HPG,09:57:22,Buy Up,1000,27950.0,0.0
HPG,09:57:21,Sell Down,1000,27950.0,0.0
HPG,09:57:21,Sell Down,400,27950.0,0.0
