ticker,time,orderType,volume,price,prevPriceChange
ANV,11:29:39,Buy Up,100.0,31650.0,0.0
ANV,11:29:39,Buy Up,900.0,31650.0,0.0
ANV,11:28:46,Buy Up,3000.0,31650.0,0.0
ANV,11:28:44,Sell Down,5100.0,31650.0,0.0
ANV,11:28:36,Buy Up,800.0,31650.0,0.0
ANV,11:28:36,Buy Up,3500.0,31650.0,0.0
ANV,11:28:36,Buy Up,600.0,31650.0,50.0
ANV,11:28:19,Sell Down,1000.0,31600.0,0.0
ANV,11:28:15,Sell Down,7000.0,31600.0,-50.0
ANV,11:27:50,Buy Up,100.0,31650.0,0.0
ANV,11:27:40,Buy Up,1000.0,31650.0,50.0
ANV,11:27:23,Sell Down,3000.0,31600.0,-50.0
ANV,11:25:07,Buy Up,300.0,31650.0,0.0
ANV,11:25:07,Buy Up,1700.0,31650.0,0.0
ANV,11:24:49,Sell Down,100.0,31650.0,0.0
ANV,11:24:49,Sell Down,200.0,31650.0,0.0
ANV,11:24:32,Buy Up,300.0,31650.0,0.0
ANV,11:24:32,Buy Up,300.0,31650.0,0.0
ANV,11:24:19,Buy Up,400.0,31650.0,0.0
ANV,11:24:19,Buy Up,3000.0,31650.0,0.0
ANV,11:24:19,Buy Up,5100.0,31650.0,0.0
ANV,11:24:19,Buy Up,2000.0,31650.0,0.0
ANV,11:24:00,Buy Up,100.0,31650.0,0.0
ANV,11:24:00,Buy Up,400.0,31650.0,0.0
ANV,11:23:31,Buy Up,1600.0,31650.0,0.0
ANV,11:23:31,Buy Up,400.0,31650.0,0.0
ANV,11:22:58,Buy Up,2000.0,31650.0,0.0
ANV,11:21:59,Buy Up,6300.0,31650.0,0.0
ANV,11:21:37,Buy Up,1300.0,31650.0,0.0
ANV,11:21:37,Buy Up,1200.0,31650.0,0.0
ANV,11:21:37,Buy Up,2500.0,31650.0,0.0
ANV,11:21:28,Buy Up,800.0,31650.0,0.0
ANV,11:21:28,Buy Up,100.0,31650.0,0.0
ANV,11:21:28,Buy Up,3000.0,31650.0,0.0
ANV,11:21:28,Buy Up,1100.0,31650.0,50.0
ANV,11:20:20,Sell Down,1500.0,31600.0,-50.0
ANV,11:20:15,Buy Up,700.0,31650.0,50.0
ANV,11:20:12,Sell Down,2000.0,31600.0,0.0
ANV,11:20:11,Sell Down,1500.0,31600.0,0.0
ANV,11:20:11,Sell Down,1000.0,31600.0,0.0
ANV,11:20:11,Sell Down,500.0,31600.0,0.0
ANV,11:20:02,Sell Down,400.0,31600.0,0.0
ANV,11:19:54,Sell Down,100.0,31600.0,-50.0
ANV,11:18:05,Buy Up,1000.0,31650.0,0.0
ANV,11:17:47,Buy Up,1000.0,31650.0,0.0
ANV,11:17:05,Buy Up,6200.0,31650.0,0.0
ANV,11:17:05,Buy Up,500.0,31650.0,0.0
ANV,11:17:05,Buy Up,100.0,31650.0,0.0
ANV,11:17:05,Buy Up,1600.0,31650.0,0.0
ANV,11:17:05,Buy Up,100.0,31650.0,0.0
ANV,11:17:05,Buy Up,1500.0,31650.0,0.0
ANV,11:16:38,Buy Up,500.0,31650.0,0.0
ANV,11:15:16,Buy Up,1000.0,31650.0,0.0
ANV,11:15:06,Buy Up,2000.0,31650.0,0.0
ANV,11:15:06,Buy Up,1000.0,31650.0,0.0
ANV,11:14:07,Buy Up,200.0,31650.0,50.0
ANV,11:13:40,Sell Down,500.0,31600.0,0.0
ANV,11:13:15,Sell Down,100.0,31600.0,0.0
ANV,11:13:14,Sell Down,800.0,31600.0,0.0
ANV,11:13:07,Sell Down,100.0,31600.0,0.0
ANV,11:13:07,Sell Down,100.0,31600.0,0.0
ANV,11:13:07,Sell Down,1000.0,31600.0,0.0
ANV,11:13:07,Sell Down,100.0,31600.0,0.0
ANV,11:13:07,Sell Down,1000.0,31600.0,0.0
ANV,11:13:07,Sell Down,500.0,31600.0,0.0
ANV,11:13:07,Sell Down,400.0,31600.0,0.0
ANV,11:12:57,Sell Down,600.0,31600.0,0.0
ANV,11:12:57,Sell Down,200.0,31600.0,0.0
ANV,11:12:41,Sell Down,300.0,31600.0,0.0
ANV,11:12:41,Sell Down,700.0,31600.0,0.0
ANV,11:12:33,Sell Down,1000.0,31600.0,0.0
ANV,11:11:50,Sell Down,300.0,31600.0,0.0
ANV,11:11:50,Sell Down,100.0,31600.0,0.0
ANV,11:11:50,Sell Down,100.0,31600.0,0.0
ANV,11:11:50,Sell Down,500.0,31600.0,0.0
ANV,11:11:40,Sell Down,500.0,31600.0,0.0
ANV,11:11:40,Sell Down,400.0,31600.0,0.0
ANV,11:11:40,Sell Down,100.0,31600.0,-50.0
ANV,11:10:51,Buy Up,800.0,31650.0,0.0
ANV,11:10:51,Buy Up,100.0,31650.0,0.0
ANV,11:10:51,Buy Up,100.0,31650.0,0.0
ANV,11:09:53,Buy Up,400.0,31650.0,0.0
ANV,11:09:53,Buy Up,100.0,31650.0,0.0
ANV,11:08:45,Buy Up,500.0,31650.0,0.0
ANV,11:07:28,Buy Up,200.0,31650.0,0.0
ANV,11:07:21,Buy Up,1000.0,31650.0,0.0
ANV,11:07:02,Buy Up,500.0,31650.0,0.0
ANV,11:06:29,Buy Up,100.0,31650.0,50.0
ANV,11:05:34,Sell Down,100.0,31600.0,0.0
ANV,11:04:45,Buy Up,500.0,31600.0,0.0
ANV,11:04:45,Buy Up,3000.0,31600.0,0.0
ANV,11:04:45,Buy Up,1000.0,31600.0,0.0
ANV,11:04:42,Buy Up,500.0,31600.0,0.0
ANV,11:04:39,Buy Up,500.0,31600.0,0.0
ANV,11:04:32,Buy Up,100.0,31600.0,0.0
ANV,11:04:23,Buy Up,1900.0,31600.0,50.0
ANV,11:03:13,Sell Down,100.0,31550.0,0.0
ANV,11:02:26,Sell Down,2000.0,31550.0,0.0
ANV,11:02:02,Sell Down,100.0,31550.0,0.0
ANV,11:01:16,Buy Up,1000.0,31550.0,0.0
ANV,11:01:16,Buy Up,500.0,31550.0,0.0
ANV,11:01:16,Buy Up,4300.0,31550.0,50.0
ANV,11:01:13,Sell Down,200.0,31500.0,0.0
ANV,11:01:13,Sell Down,2000.0,31500.0,0.0
ANV,11:01:13,Sell Down,100.0,31500.0,0.0
ANV,11:01:13,Sell Down,500.0,31500.0,0.0
ANV,11:01:13,Sell Down,100.0,31500.0,0.0
ANV,11:01:13,Sell Down,1000.0,31500.0,0.0
ANV,11:01:13,Sell Down,200.0,31500.0,0.0
ANV,11:01:13,Sell Down,200.0,31500.0,0.0
ANV,11:01:13,Sell Down,200.0,31500.0,0.0
ANV,11:01:13,Sell Down,1500.0,31500.0,0.0
ANV,11:01:12,Sell Down,100.0,31500.0,-50.0
ANV,11:01:11,Buy Up,5000.0,31550.0,0.0
ANV,11:01:02,Buy Up,100.0,31550.0,0.0
ANV,11:00:49,Buy Up,100.0,31550.0,0.0
ANV,11:00:45,Buy Up,5000.0,31550.0,0.0
ANV,11:00:42,Buy Up,400.0,31550.0,0.0
ANV,11:00:41,Buy Up,100.0,31550.0,0.0
ANV,11:00:14,Buy Up,2000.0,31550.0,50.0
ANV,10:59:49,Sell Down,3400.0,31500.0,0.0
ANV,10:59:49,Sell Down,5000.0,31500.0,0.0
ANV,10:59:49,Sell Down,500.0,31500.0,0.0
ANV,10:59:49,Sell Down,1000.0,31500.0,0.0
ANV,10:59:49,Sell Down,100.0,31500.0,0.0
ANV,10:59:49,Sell Down,1500.0,31500.0,0.0
ANV,10:59:49,Sell Down,10000.0,31500.0,0.0
ANV,10:59:49,Sell Down,500.0,31500.0,0.0
ANV,10:59:49,Sell Down,100.0,31500.0,-50.0
ANV,10:59:20,Buy Up,500.0,31550.0,0.0
ANV,10:59:08,Buy Up,900.0,31550.0,0.0
ANV,10:59:07,Buy Up,200.0,31550.0,0.0
ANV,10:59:00,Buy Up,1000.0,31550.0,0.0
ANV,10:58:48,Buy Up,700.0,31550.0,0.0
ANV,10:58:48,Buy Up,300.0,31550.0,0.0
ANV,10:58:48,Buy Up,100.0,31550.0,0.0
ANV,10:58:48,Buy Up,300.0,31550.0,0.0
ANV,10:58:48,Buy Up,1300.0,31550.0,0.0
ANV,10:58:48,Buy Up,100.0,31550.0,0.0
ANV,10:58:48,Buy Up,200.0,31550.0,0.0
ANV,10:58:48,Buy Up,500.0,31550.0,0.0
ANV,10:58:48,Buy Up,500.0,31550.0,0.0
ANV,10:58:48,Buy Up,1000.0,31550.0,0.0
ANV,10:58:48,Buy Up,2000.0,31550.0,0.0
ANV,10:58:48,Buy Up,2000.0,31550.0,0.0
ANV,10:58:48,Buy Up,500.0,31550.0,0.0
ANV,10:58:48,Buy Up,2000.0,31550.0,0.0
ANV,10:58:48,Buy Up,200.0,31550.0,0.0
ANV,10:58:48,Buy Up,1000.0,31550.0,0.0
ANV,10:58:48,Buy Up,500.0,31550.0,0.0
ANV,10:58:48,Buy Up,300.0,31550.0,0.0
ANV,10:58:48,Buy Up,100.0,31550.0,0.0
ANV,10:58:48,Buy Up,2000.0,31550.0,0.0
ANV,10:58:48,Buy Up,1000.0,31550.0,0.0
ANV,10:58:48,Buy Up,10000.0,31550.0,0.0
ANV,10:58:48,Buy Up,1000.0,31550.0,0.0
ANV,10:58:48,Buy Up,1000.0,31550.0,0.0
ANV,10:58:48,Buy Up,5000.0,31550.0,0.0
ANV,10:58:48,Buy Up,100.0,31550.0,0.0
ANV,10:58:48,Buy Up,200.0,31550.0,0.0
ANV,10:58:48,Buy Up,100.0,31550.0,0.0
ANV,10:58:48,Buy Up,100.0,31550.0,0.0
ANV,10:58:48,Buy Up,200.0,31550.0,0.0
ANV,10:58:48,Buy Up,1000.0,31550.0,0.0
ANV,10:58:48,Buy Up,400.0,31550.0,0.0
ANV,10:58:48,Buy Up,2000.0,31550.0,0.0
ANV,10:58:48,Buy Up,2000.0,31550.0,0.0
ANV,10:58:48,Buy Up,700.0,31550.0,0.0
ANV,10:58:03,Sell Down,300.0,31550.0,0.0
ANV,10:58:03,Sell Down,1200.0,31550.0,-50.0
ANV,10:57:30,Buy Up,100.0,31600.0,0.0
ANV,10:56:48,Buy Up,1000.0,31600.0,0.0
ANV,10:55:27,Sell Down,200.0,31600.0,0.0
ANV,10:55:27,Sell Down,1200.0,31600.0,0.0
ANV,10:55:27,Sell Down,900.0,31600.0,0.0
ANV,10:55:27,Sell Down,1000.0,31600.0,0.0
ANV,10:55:27,Sell Down,100.0,31600.0,0.0
ANV,10:55:27,Sell Down,100.0,31600.0,0.0
ANV,10:55:27,Sell Down,200.0,31600.0,0.0
ANV,10:55:27,Sell Down,400.0,31600.0,0.0
ANV,10:55:27,Sell Down,10000.0,31600.0,0.0
ANV,10:55:27,Sell Down,100.0,31600.0,0.0
ANV,10:55:27,Sell Down,5000.0,31600.0,0.0
ANV,10:55:27,Sell Down,4000.0,31600.0,0.0
ANV,10:55:27,Sell Down,3600.0,31600.0,0.0
ANV,10:54:53,Sell Down,1000.0,31600.0,0.0
ANV,10:54:38,Sell Down,400.0,31600.0,0.0
ANV,10:54:38,Sell Down,100.0,31600.0,0.0
ANV,10:54:16,Sell Down,100.0,31600.0,0.0
ANV,10:52:32,Sell Down,1700.0,31600.0,0.0
ANV,10:52:32,Sell Down,100.0,31600.0,0.0
ANV,10:52:32,Sell Down,100.0,31600.0,0.0
ANV,10:52:32,Sell Down,3000.0,31600.0,0.0
ANV,10:52:32,Sell Down,100.0,31600.0,-50.0
ANV,10:52:15,Buy Up,100.0,31650.0,50.0
ANV,10:51:31,Sell Down,100.0,31600.0,0.0
ANV,10:51:26,Sell Down,400.0,31600.0,0.0
ANV,10:51:04,Sell Down,500.0,31600.0,0.0
ANV,10:51:04,Sell Down,1900.0,31600.0,0.0
ANV,10:51:04,Sell Down,500.0,31600.0,0.0
ANV,10:51:04,Sell Down,100.0,31600.0,0.0
ANV,10:50:25,Sell Down,1900.0,31600.0,0.0
ANV,10:50:25,Sell Down,1000.0,31600.0,0.0
ANV,10:50:25,Sell Down,100.0,31600.0,0.0
ANV,10:50:25,Sell Down,2000.0,31600.0,0.0
ANV,10:50:25,Sell Down,700.0,31600.0,0.0
ANV,10:50:25,Sell Down,200.0,31600.0,0.0
ANV,10:50:25,Sell Down,100.0,31600.0,0.0
ANV,10:49:58,Sell Down,100.0,31600.0,-50.0
ANV,10:49:13,Buy Up,400.0,31650.0,0.0
ANV,10:48:32,Buy Up,2000.0,31650.0,50.0
ANV,10:44:48,Sell Down,100.0,31600.0,0.0
ANV,10:42:28,Sell Down,100.0,31600.0,0.0
ANV,10:42:28,Sell Down,100.0,31600.0,0.0
ANV,10:42:28,Sell Down,400.0,31600.0,0.0
ANV,10:42:28,Sell Down,300.0,31600.0,0.0
ANV,10:42:28,Sell Down,300.0,31600.0,0.0
ANV,10:42:00,Sell Down,4600.0,31600.0,0.0
ANV,10:41:40,Sell Down,1000.0,31600.0,0.0
ANV,10:41:23,Sell Down,4000.0,31600.0,-50.0
ANV,10:41:17,Buy Up,1100.0,31650.0,50.0
ANV,10:40:39,Sell Down,6000.0,31600.0,-50.0
ANV,10:40:36,Buy Up,200.0,31650.0,50.0
ANV,10:39:56,Sell Down,2000.0,31600.0,-50.0
ANV,10:39:49,Buy Up,500.0,31650.0,50.0
ANV,10:39:41,Sell Down,100.0,31600.0,-50.0
ANV,10:38:17,Sell Down,100.0,31650.0,0.0
ANV,10:38:17,Sell Down,400.0,31650.0,0.0
ANV,10:37:22,Sell Down,500.0,31650.0,0.0
ANV,10:37:22,Sell Down,1500.0,31650.0,0.0
ANV,10:35:14,Sell Down,800.0,31650.0,0.0
ANV,10:34:26,Buy Up,700.0,31650.0,0.0
ANV,10:34:23,Buy Up,1000.0,31650.0,0.0
ANV,10:34:10,Buy Up,1200.0,31650.0,0.0
ANV,10:33:08,Buy Up,100.0,31650.0,0.0
ANV,10:32:52,Sell Down,400.0,31650.0,0.0
ANV,10:32:52,Sell Down,200.0,31650.0,0.0
ANV,10:32:52,Sell Down,100.0,31650.0,0.0
ANV,10:32:11,Sell Down,500.0,31650.0,0.0
ANV,10:31:48,Sell Down,200.0,31650.0,0.0
ANV,10:31:48,Sell Down,500.0,31650.0,0.0
ANV,10:31:48,Sell Down,1300.0,31650.0,-50.0
ANV,10:30:37,Buy Up,100.0,31700.0,50.0
ANV,10:30:22,Sell Down,300.0,31650.0,0.0
ANV,10:28:26,Sell Down,3500.0,31650.0,0.0
ANV,10:27:53,Sell Down,700.0,31650.0,0.0
ANV,10:26:40,Buy Up,100.0,31650.0,0.0
ANV,10:26:23,Buy Up,200.0,31650.0,0.0
ANV,10:26:23,Buy Up,300.0,31650.0,0.0
ANV,10:26:18,Buy Up,400.0,31650.0,0.0
ANV,10:25:31,Buy Up,1800.0,31650.0,0.0
ANV,10:25:31,Buy Up,200.0,31650.0,0.0
ANV,10:25:31,Buy Up,1000.0,31650.0,0.0
ANV,10:25:14,Buy Up,500.0,31650.0,0.0
ANV,10:24:43,Buy Up,700.0,31650.0,0.0
ANV,10:24:31,Buy Up,2800.0,31650.0,0.0
ANV,10:24:31,Buy Up,200.0,31650.0,0.0
ANV,10:24:22,Buy Up,1800.0,31650.0,0.0
ANV,10:24:22,Buy Up,1200.0,31650.0,50.0
ANV,10:23:36,Sell Down,400.0,31600.0,0.0
ANV,10:23:36,Sell Down,500.0,31600.0,0.0
ANV,10:23:06,Sell Down,1100.0,31600.0,0.0
ANV,10:23:06,Sell Down,3000.0,31600.0,0.0
ANV,10:23:06,Sell Down,500.0,31600.0,0.0
ANV,10:23:06,Sell Down,100.0,31600.0,0.0
ANV,10:23:06,Sell Down,900.0,31600.0,-50.0
ANV,10:21:56,Buy Up,100.0,31650.0,0.0
ANV,10:21:00,Buy Up,200.0,31650.0,0.0
ANV,10:20:48,Buy Up,200.0,31650.0,0.0
ANV,10:20:48,Buy Up,300.0,31650.0,0.0
ANV,10:20:43,Sell Down,200.0,31650.0,0.0
ANV,10:20:38,Buy Up,400.0,31650.0,0.0
ANV,10:20:38,Buy Up,400.0,31650.0,0.0
ANV,10:20:12,Buy Up,1100.0,31650.0,0.0
ANV,10:20:08,Buy Up,100.0,31650.0,0.0
ANV,10:20:08,Buy Up,200.0,31650.0,0.0
ANV,10:20:08,Buy Up,600.0,31650.0,0.0
ANV,10:19:46,Sell Down,100.0,31650.0,0.0
ANV,10:19:44,Buy Up,100.0,31650.0,0.0
ANV,10:19:44,Buy Up,300.0,31650.0,0.0
ANV,10:19:28,Buy Up,200.0,31650.0,50.0
ANV,10:17:42,Sell Down,100.0,31600.0,0.0
ANV,10:17:42,Sell Down,2000.0,31600.0,0.0
ANV,10:17:42,Sell Down,100.0,31600.0,0.0
ANV,10:17:42,Sell Down,100.0,31600.0,0.0
ANV,10:17:42,Sell Down,100.0,31600.0,0.0
ANV,10:17:42,Sell Down,300.0,31600.0,0.0
ANV,10:17:42,Sell Down,300.0,31600.0,0.0
ANV,10:17:42,Sell Down,100.0,31600.0,0.0
ANV,10:17:42,Sell Down,300.0,31600.0,0.0
ANV,10:17:42,Sell Down,300.0,31600.0,0.0
ANV,10:17:42,Sell Down,200.0,31600.0,0.0
ANV,10:17:42,Sell Down,1500.0,31600.0,0.0
ANV,10:17:42,Sell Down,100.0,31600.0,0.0
ANV,10:17:42,Sell Down,200.0,31600.0,0.0
ANV,10:17:42,Sell Down,300.0,31600.0,-50.0
ANV,10:17:37,Buy Up,400.0,31650.0,0.0
ANV,10:17:31,Sell Down,1400.0,31650.0,0.0
ANV,10:17:23,Sell Down,3000.0,31650.0,0.0
ANV,10:17:20,Sell Down,600.0,31650.0,0.0
ANV,10:17:20,Sell Down,300.0,31650.0,0.0
ANV,10:17:20,Sell Down,2000.0,31650.0,0.0
ANV,10:17:20,Sell Down,100.0,31650.0,0.0
ANV,10:16:51,Sell Down,1000.0,31650.0,0.0
ANV,10:16:51,Sell Down,100.0,31650.0,0.0
ANV,10:16:51,Sell Down,100.0,31650.0,0.0
ANV,10:16:51,Sell Down,100.0,31650.0,0.0
ANV,10:16:51,Sell Down,1000.0,31650.0,0.0
ANV,10:16:51,Sell Down,500.0,31650.0,0.0
ANV,10:16:51,Sell Down,1100.0,31650.0,0.0
ANV,10:16:51,Sell Down,100.0,31650.0,0.0
ANV,10:16:26,Sell Down,1900.0,31650.0,0.0
ANV,10:16:26,Sell Down,2100.0,31650.0,-50.0
ANV,10:15:26,Buy Up,300.0,31700.0,0.0
ANV,10:15:16,Buy Up,500.0,31700.0,50.0
ANV,10:15:01,Sell Down,2900.0,31650.0,0.0
ANV,10:15:01,Sell Down,100.0,31650.0,0.0
ANV,10:14:59,Sell Down,100.0,31650.0,0.0
ANV,10:14:59,Sell Down,100.0,31650.0,0.0
ANV,10:14:59,Sell Down,200.0,31650.0,0.0
ANV,10:14:59,Sell Down,2600.0,31650.0,-50.0
ANV,10:12:43,Buy Up,1500.0,31700.0,0.0
ANV,10:11:29,Buy Up,3100.0,31700.0,0.0
ANV,10:11:20,Buy Up,1000.0,31700.0,0.0
ANV,10:11:16,Buy Up,600.0,31700.0,0.0
ANV,10:11:16,Buy Up,500.0,31700.0,0.0
ANV,10:11:16,Buy Up,6000.0,31700.0,0.0
ANV,10:11:16,Buy Up,100.0,31700.0,50.0
ANV,10:11:06,Sell Down,3000.0,31650.0,-50.0
ANV,10:10:56,Buy Up,100.0,31700.0,50.0
ANV,10:10:43,Sell Down,4400.0,31650.0,0.0
ANV,10:10:43,Sell Down,100.0,31650.0,0.0
ANV,10:10:05,Sell Down,200.0,31650.0,0.0
ANV,10:10:05,Sell Down,100.0,31650.0,0.0
ANV,10:10:05,Sell Down,2000.0,31650.0,0.0
ANV,10:10:05,Sell Down,500.0,31650.0,0.0
ANV,10:10:05,Sell Down,200.0,31650.0,0.0
ANV,10:10:05,Sell Down,200.0,31650.0,0.0
ANV,10:10:05,Sell Down,3000.0,31650.0,0.0
ANV,10:10:05,Sell Down,100.0,31650.0,0.0
ANV,10:10:05,Sell Down,100.0,31650.0,0.0
ANV,10:08:30,Sell Down,400.0,31650.0,0.0
ANV,10:08:30,Sell Down,500.0,31650.0,0.0
ANV,10:08:30,Sell Down,100.0,31650.0,0.0
ANV,10:08:13,Sell Down,200.0,31650.0,-50.0
ANV,10:06:54,Buy Up,1000.0,31700.0,0.0
ANV,10:06:01,Buy Up,1800.0,31700.0,0.0
ANV,10:05:27,Buy Up,200.0,31700.0,0.0
ANV,10:05:09,Buy Up,1000.0,31700.0,0.0
ANV,10:04:50,Buy Up,100.0,31700.0,50.0
ANV,10:04:48,Sell Down,2000.0,31650.0,0.0
ANV,10:04:48,Sell Down,900.0,31650.0,0.0
ANV,10:04:48,Sell Down,5000.0,31650.0,0.0
ANV,10:04:48,Sell Down,300.0,31650.0,0.0
ANV,10:04:48,Sell Down,200.0,31650.0,0.0
ANV,10:04:48,Sell Down,1000.0,31650.0,0.0
ANV,10:04:48,Sell Down,600.0,31650.0,0.0
ANV,10:04:30,Sell Down,4400.0,31650.0,0.0
ANV,10:04:30,Sell Down,500.0,31650.0,0.0
ANV,10:04:30,Sell Down,100.0,31650.0,0.0
ANV,10:02:52,Sell Down,1900.0,31650.0,0.0
ANV,10:02:52,Sell Down,100.0,31650.0,0.0
ANV,10:02:52,Sell Down,1000.0,31650.0,0.0
ANV,10:02:52,Sell Down,200.0,31650.0,-50.0
ANV,10:02:01,Buy Up,700.0,31700.0,0.0
ANV,10:02:01,Buy Up,1300.0,31700.0,0.0
ANV,10:01:35,Buy Up,200.0,31700.0,0.0
ANV,10:01:29,Sell Down,100.0,31700.0,0.0
ANV,10:01:29,Sell Down,100.0,31700.0,0.0
ANV,10:01:29,Sell Down,3000.0,31700.0,0.0
ANV,10:01:29,Sell Down,5000.0,31700.0,0.0
ANV,10:01:29,Sell Down,2000.0,31700.0,0.0
ANV,10:01:29,Sell Down,3000.0,31700.0,0.0
ANV,10:01:29,Sell Down,500.0,31700.0,0.0
ANV,10:01:29,Sell Down,300.0,31700.0,0.0
ANV,10:01:29,Sell Down,100.0,31700.0,0.0
ANV,10:01:29,Sell Down,400.0,31700.0,0.0
ANV,10:01:29,Sell Down,500.0,31700.0,0.0
ANV,10:01:29,Sell Down,200.0,31700.0,0.0
ANV,10:01:29,Sell Down,200.0,31700.0,0.0
ANV,10:01:29,Sell Down,300.0,31700.0,0.0
ANV,10:01:29,Sell Down,200.0,31700.0,0.0
ANV,10:01:29,Sell Down,2600.0,31700.0,0.0
ANV,10:01:04,Sell Down,600.0,31700.0,0.0
ANV,10:01:04,Sell Down,200.0,31700.0,0.0
ANV,10:01:04,Sell Down,100.0,31700.0,0.0
ANV,10:01:04,Sell Down,400.0,31700.0,0.0
ANV,10:01:04,Sell Down,10000.0,31700.0,0.0
ANV,10:01:04,Sell Down,1000.0,31700.0,0.0
ANV,10:01:04,Sell Down,1700.0,31700.0,-50.0
ANV,10:00:37,Buy Up,1000.0,31750.0,0.0
ANV,10:00:24,Buy Up,100.0,31750.0,0.0
ANV,09:59:36,Buy Up,500.0,31750.0,50.0
ANV,09:59:00,Sell Down,1000.0,31700.0,-50.0
ANV,09:58:35,Buy Up,2500.0,31750.0,0.0
ANV,09:58:35,Buy Up,500.0,31750.0,0.0
ANV,09:58:15,Sell Down,1000.0,31750.0,0.0
ANV,09:58:15,Sell Down,4000.0,31750.0,0.0
ANV,09:58:10,Sell Down,1000.0,31750.0,0.0
ANV,09:58:10,Sell Down,2500.0,31750.0,0.0
ANV,09:58:10,Sell Down,9000.0,31750.0,0.0
ANV,09:58:09,Sell Down,500.0,31750.0,0.0
ANV,09:58:08,Sell Down,500.0,31750.0,0.0
ANV,09:58:08,Sell Down,500.0,31750.0,0.0
ANV,09:58:08,Sell Down,1000.0,31750.0,-50.0
ANV,09:58:05,Buy Up,2000.0,31800.0,50.0
ANV,09:58:05,Sell Down,300.0,31750.0,0.0
ANV,09:58:05,Sell Down,2000.0,31750.0,0.0
ANV,09:58:05,Sell Down,1000.0,31750.0,0.0
ANV,09:58:05,Sell Down,3000.0,31750.0,0.0
ANV,09:58:05,Sell Down,1000.0,31750.0,0.0
ANV,09:58:05,Sell Down,3000.0,31750.0,0.0
ANV,09:57:51,Sell Down,200.0,31750.0,0.0
ANV,09:57:41,Sell Down,200.0,31750.0,-50.0
ANV,09:57:36,Buy Up,15000.0,31800.0,50.0
ANV,09:57:24,Sell Down,800.0,31750.0,-50.0
ANV,09:57:21,Buy Up,3000.0,31800.0,50.0
ANV,09:56:58,Sell Down,2000.0,31750.0,0.0
ANV,09:56:48,Sell Down,200.0,31750.0,0.0
ANV,09:55:58,Sell Down,100.0,31750.0,-50.0
ANV,09:55:08,Buy Up,200.0,31800.0,0.0
ANV,09:54:23,Buy Up,800.0,31800.0,50.0
ANV,09:54:13,Sell Down,100.0,31750.0,-50.0
ANV,09:54:01,Buy Up,1900.0,31800.0,0.0
ANV,09:54:01,Buy Up,100.0,31800.0,0.0
ANV,09:54:01,Buy Up,100.0,31800.0,0.0
ANV,09:54:01,Buy Up,900.0,31800.0,0.0
ANV,09:53:33,Buy Up,500.0,31800.0,0.0
ANV,09:53:29,Buy Up,400.0,31800.0,0.0
ANV,09:53:01,Buy Up,700.0,31800.0,50.0
ANV,09:52:22,Sell Down,100.0,31750.0,0.0
ANV,09:51:59,Sell Down,100.0,31750.0,0.0
ANV,09:51:58,Sell Down,400.0,31750.0,0.0
ANV,09:51:54,Sell Down,1000.0,31750.0,0.0
ANV,09:51:26,Sell Down,100.0,31750.0,0.0
ANV,09:51:16,Buy Up,5000.0,31750.0,0.0
ANV,09:51:16,Buy Up,1000.0,31750.0,0.0
ANV,09:51:16,Buy Up,100.0,31750.0,0.0
ANV,09:51:16,Buy Up,1300.0,31750.0,0.0
ANV,09:51:16,Buy Up,4300.0,31750.0,0.0
ANV,09:51:11,Buy Up,200.0,31750.0,0.0
ANV,09:51:11,Buy Up,1900.0,31750.0,0.0
ANV,09:51:11,Buy Up,3700.0,31750.0,0.0
ANV,09:51:11,Buy Up,100.0,31750.0,0.0
ANV,09:51:11,Buy Up,600.0,31750.0,0.0
ANV,09:51:11,Buy Up,3500.0,31750.0,0.0
ANV,09:51:06,Buy Up,400.0,31750.0,0.0
ANV,09:50:59,Buy Up,200.0,31750.0,0.0
ANV,09:50:58,Buy Up,400.0,31750.0,0.0
ANV,09:50:48,Buy Up,100.0,31750.0,50.0
ANV,09:50:17,Sell Down,1400.0,31700.0,0.0
ANV,09:50:17,Sell Down,200.0,31700.0,0.0
ANV,09:50:17,Sell Down,2300.0,31700.0,0.0
ANV,09:50:17,Sell Down,5000.0,31700.0,0.0
ANV,09:50:17,Sell Down,100.0,31700.0,0.0
ANV,09:50:11,Sell Down,600.0,31700.0,0.0
ANV,09:50:11,Sell Down,1400.0,31700.0,0.0
ANV,09:49:47,Sell Down,1600.0,31700.0,0.0
ANV,09:49:47,Sell Down,4400.0,31700.0,0.0
ANV,09:49:47,Sell Down,4000.0,31700.0,0.0
ANV,09:49:32,Sell Down,800.0,31700.0,0.0
ANV,09:49:27,Sell Down,1000.0,31700.0,0.0
ANV,09:49:05,Sell Down,900.0,31700.0,0.0
ANV,09:48:57,Sell Down,100.0,31700.0,0.0
ANV,09:48:56,Sell Down,1400.0,31700.0,0.0
ANV,09:48:44,Sell Down,2000.0,31700.0,0.0
ANV,09:48:44,Sell Down,1500.0,31700.0,0.0
ANV,09:48:44,Sell Down,100.0,31700.0,0.0
ANV,09:48:44,Sell Down,1000.0,31700.0,0.0
ANV,09:48:44,Sell Down,3000.0,31700.0,0.0
ANV,09:48:44,Sell Down,1000.0,31700.0,0.0
ANV,09:48:44,Sell Down,200.0,31700.0,0.0
ANV,09:48:44,Sell Down,4800.0,31700.0,0.0
ANV,09:47:36,Buy Up,200.0,31700.0,0.0
ANV,09:47:34,Buy Up,300.0,31700.0,0.0
ANV,09:47:34,Buy Up,300.0,31700.0,0.0
ANV,09:47:34,Buy Up,1400.0,31700.0,0.0
ANV,09:47:32,Buy Up,13600.0,31700.0,0.0
ANV,09:47:32,Buy Up,1600.0,31700.0,0.0
ANV,09:47:30,Buy Up,1400.0,31700.0,0.0
ANV,09:47:30,Buy Up,100.0,31700.0,0.0
ANV,09:47:29,Buy Up,100.0,31700.0,0.0
ANV,09:47:29,Buy Up,200.0,31700.0,0.0
ANV,09:47:28,Buy Up,1300.0,31700.0,0.0
ANV,09:47:28,Buy Up,200.0,31700.0,0.0
ANV,09:47:18,Buy Up,200.0,31700.0,0.0
ANV,09:47:18,Buy Up,3000.0,31700.0,0.0
ANV,09:47:16,Buy Up,300.0,31700.0,0.0
ANV,09:47:13,Buy Up,300.0,31700.0,0.0
ANV,09:47:02,Buy Up,200.0,31700.0,0.0
ANV,09:46:49,Buy Up,500.0,31700.0,0.0
ANV,09:46:39,Buy Up,300.0,31700.0,0.0
ANV,09:46:39,Buy Up,300.0,31700.0,0.0
ANV,09:46:39,Buy Up,1200.0,31700.0,0.0
ANV,09:46:38,Buy Up,1400.0,31700.0,0.0
ANV,09:46:37,Buy Up,2400.0,31700.0,0.0
ANV,09:46:37,Buy Up,700.0,31700.0,0.0
ANV,09:46:16,Buy Up,1000.0,31700.0,50.0
ANV,09:46:16,Sell Down,100.0,31650.0,0.0
ANV,09:45:47,Sell Down,100.0,31650.0,-50.0
ANV,09:45:41,Buy Up,100.0,31700.0,0.0
ANV,09:45:38,Buy Up,1000.0,31700.0,50.0
ANV,09:45:32,Sell Down,300.0,31650.0,0.0
ANV,09:45:32,Sell Down,200.0,31650.0,-50.0
ANV,09:45:06,Buy Up,200.0,31700.0,0.0
ANV,09:45:02,Buy Up,100.0,31700.0,0.0
ANV,09:43:02,Buy Up,1800.0,31700.0,0.0
ANV,09:43:02,Buy Up,1900.0,31700.0,0.0
ANV,09:43:02,Buy Up,1000.0,31700.0,0.0
ANV,09:43:02,Buy Up,300.0,31700.0,50.0
ANV,09:42:35,Buy Up,100.0,31650.0,0.0
ANV,09:42:31,Buy Up,200.0,31650.0,0.0
ANV,09:42:02,Buy Up,800.0,31650.0,0.0
ANV,09:42:02,Sell Down,5000.0,31650.0,0.0
ANV,09:42:02,Sell Down,100.0,31650.0,0.0
ANV,09:42:02,Sell Down,100.0,31650.0,0.0
ANV,09:42:02,Sell Down,500.0,31650.0,0.0
ANV,09:42:02,Sell Down,2200.0,31650.0,0.0
ANV,09:41:48,Sell Down,1200.0,31650.0,0.0
ANV,09:41:34,Sell Down,1000.0,31650.0,0.0
ANV,09:40:05,Sell Down,600.0,31650.0,0.0
ANV,09:40:05,Sell Down,1400.0,31650.0,0.0
ANV,09:38:03,Sell Down,4300.0,31650.0,0.0
ANV,09:37:57,Sell Down,100.0,31650.0,0.0
ANV,09:37:52,Buy Up,5000.0,31650.0,0.0
ANV,09:37:52,Buy Up,100.0,31650.0,0.0
ANV,09:37:52,Buy Up,200.0,31650.0,0.0
ANV,09:37:52,Buy Up,5000.0,31650.0,0.0
ANV,09:37:52,Buy Up,900.0,31650.0,0.0
ANV,09:37:37,Buy Up,700.0,31650.0,50.0
ANV,09:37:37,Buy Up,1000.0,31600.0,0.0
ANV,09:37:37,Buy Up,300.0,31600.0,0.0
ANV,09:37:32,Buy Up,200.0,31600.0,0.0
ANV,09:37:32,Buy Up,1800.0,31600.0,0.0
ANV,09:37:13,Buy Up,200.0,31600.0,0.0
ANV,09:37:08,Buy Up,400.0,31600.0,0.0
ANV,09:36:57,Buy Up,2600.0,31600.0,0.0
ANV,09:36:57,Buy Up,100.0,31600.0,0.0
ANV,09:36:57,Buy Up,1300.0,31600.0,0.0
ANV,09:36:45,Buy Up,500.0,31600.0,50.0
ANV,09:36:05,Sell Down,2000.0,31550.0,0.0
ANV,09:36:05,Sell Down,600.0,31550.0,0.0
ANV,09:36:05,Sell Down,2200.0,31550.0,0.0
ANV,09:36:05,Sell Down,100.0,31550.0,0.0
ANV,09:36:05,Sell Down,100.0,31550.0,0.0
ANV,09:35:58,Sell Down,800.0,31550.0,0.0
ANV,09:35:18,Sell Down,2000.0,31550.0,0.0
ANV,09:35:13,Sell Down,1200.0,31550.0,0.0
ANV,09:35:13,Sell Down,3700.0,31550.0,0.0
ANV,09:35:13,Sell Down,100.0,31550.0,0.0
ANV,09:33:18,Buy Up,1000.0,31550.0,0.0
ANV,09:33:08,Sell Down,100.0,31550.0,0.0
ANV,09:33:08,Sell Down,100.0,31550.0,0.0
ANV,09:33:08,Sell Down,1000.0,31550.0,0.0
ANV,09:33:02,Sell Down,2000.0,31550.0,0.0
ANV,09:32:21,Sell Down,1000.0,31550.0,0.0
ANV,09:32:21,Sell Down,400.0,31550.0,0.0
ANV,09:32:21,Sell Down,200.0,31550.0,0.0
ANV,09:32:21,Sell Down,400.0,31550.0,0.0
ANV,09:32:16,Sell Down,200.0,31550.0,0.0
ANV,09:32:04,Sell Down,200.0,31550.0,-50.0
ANV,09:32:00,Buy Up,200.0,31600.0,50.0
ANV,09:31:43,Sell Down,2200.0,31550.0,0.0
ANV,09:31:43,Sell Down,1100.0,31550.0,0.0
ANV,09:31:43,Sell Down,400.0,31550.0,0.0
ANV,09:31:43,Sell Down,100.0,31550.0,-50.0
ANV,09:31:34,Buy Up,400.0,31600.0,0.0
ANV,09:31:27,Buy Up,600.0,31600.0,0.0
ANV,09:31:17,Buy Up,1000.0,31600.0,0.0
ANV,09:31:17,Buy Up,200.0,31600.0,0.0
ANV,09:31:17,Buy Up,200.0,31600.0,0.0
ANV,09:31:17,Buy Up,200.0,31600.0,0.0
ANV,09:31:17,Buy Up,600.0,31600.0,0.0
ANV,09:31:14,Sell Down,100.0,31600.0,0.0
ANV,09:30:45,Sell Down,100.0,31600.0,0.0
ANV,09:30:41,Sell Down,800.0,31600.0,0.0
ANV,09:30:15,Sell Down,100.0,31600.0,0.0
ANV,09:30:15,Sell Down,100.0,31600.0,0.0
ANV,09:30:15,Sell Down,300.0,31600.0,0.0
ANV,09:30:15,Sell Down,900.0,31600.0,0.0
ANV,09:30:11,Buy Up,3000.0,31600.0,0.0
ANV,09:30:04,Buy Up,900.0,31600.0,0.0
ANV,09:29:49,Buy Up,100.0,31600.0,0.0
ANV,09:29:40,Buy Up,100.0,31600.0,0.0
ANV,09:29:40,Buy Up,5400.0,31600.0,0.0
ANV,09:29:04,Buy Up,1000.0,31600.0,50.0
ANV,09:28:45,Sell Down,600.0,31550.0,0.0
ANV,09:28:45,Sell Down,2400.0,31550.0,0.0
ANV,09:28:13,Sell Down,100.0,31550.0,0.0
ANV,09:28:13,Sell Down,100.0,31550.0,0.0
ANV,09:28:13,Sell Down,100.0,31550.0,0.0
ANV,09:28:13,Sell Down,700.0,31550.0,0.0
ANV,09:27:54,Sell Down,100.0,31550.0,0.0
ANV,09:27:54,Sell Down,800.0,31550.0,0.0
ANV,09:27:54,Sell Down,100.0,31550.0,-50.0
ANV,09:27:10,Buy Up,200.0,31600.0,0.0
ANV,09:27:10,Buy Up,200.0,31600.0,0.0
ANV,09:27:10,Buy Up,700.0,31600.0,0.0
ANV,09:27:10,Buy Up,500.0,31600.0,0.0
ANV,09:27:10,Buy Up,2000.0,31600.0,0.0
ANV,09:27:10,Buy Up,500.0,31600.0,0.0
ANV,09:26:48,Sell Down,100.0,31600.0,0.0
ANV,09:26:48,Sell Down,100.0,31600.0,0.0
ANV,09:26:48,Sell Down,100.0,31600.0,0.0
ANV,09:26:48,Sell Down,100.0,31600.0,-50.0
ANV,09:26:19,Buy Up,2000.0,31650.0,0.0
ANV,09:26:17,Sell Down,4800.0,31650.0,0.0
ANV,09:26:17,Sell Down,1600.0,31650.0,0.0
ANV,09:26:09,Sell Down,200.0,31650.0,0.0
ANV,09:26:09,Sell Down,100.0,31650.0,0.0
ANV,09:26:08,Sell Down,100.0,31650.0,0.0
ANV,09:25:28,Sell Down,1500.0,31650.0,0.0
ANV,09:25:28,Sell Down,500.0,31650.0,0.0
ANV,09:25:23,Sell Down,100.0,31650.0,0.0
ANV,09:25:20,Sell Down,300.0,31650.0,0.0
ANV,09:25:01,Sell Down,600.0,31650.0,0.0
ANV,09:25:01,Sell Down,400.0,31650.0,0.0
ANV,09:24:55,Sell Down,200.0,31650.0,0.0
ANV,09:24:20,Sell Down,1000.0,31650.0,0.0
ANV,09:24:20,Sell Down,4000.0,31650.0,0.0
ANV,09:23:51,Sell Down,100.0,31650.0,0.0
ANV,09:23:51,Sell Down,100.0,31650.0,-50.0
ANV,09:23:45,Buy Up,2000.0,31700.0,0.0
ANV,09:23:29,Buy Up,500.0,31700.0,0.0
ANV,09:22:57,Buy Up,500.0,31700.0,0.0
ANV,09:22:57,Buy Up,700.0,31700.0,0.0
ANV,09:22:57,Buy Up,1500.0,31700.0,0.0
ANV,09:22:57,Buy Up,200.0,31700.0,0.0
ANV,09:22:57,Buy Up,100.0,31700.0,0.0
ANV,09:22:53,Buy Up,200.0,31700.0,0.0
ANV,09:22:31,Buy Up,1200.0,31700.0,0.0
ANV,09:22:21,Buy Up,1000.0,31700.0,0.0
ANV,09:22:11,Sell Down,100.0,31700.0,0.0
ANV,09:22:11,Sell Down,500.0,31700.0,0.0
ANV,09:22:11,Sell Down,1600.0,31700.0,0.0
ANV,09:21:32,Sell Down,100.0,31700.0,0.0
ANV,09:21:14,Buy Up,500.0,31700.0,0.0
ANV,09:21:02,Buy Up,500.0,31700.0,0.0
ANV,09:20:55,Buy Up,200.0,31700.0,0.0
ANV,09:20:51,Sell Down,3000.0,31700.0,0.0
ANV,09:20:51,Sell Down,1000.0,31700.0,0.0
ANV,09:20:51,Sell Down,1000.0,31700.0,0.0
ANV,09:20:51,Sell Down,500.0,31700.0,0.0
ANV,09:20:51,Sell Down,1600.0,31700.0,0.0
ANV,09:20:51,Sell Down,2000.0,31700.0,0.0
ANV,09:20:51,Sell Down,1600.0,31700.0,0.0
ANV,09:20:51,Sell Down,100.0,31700.0,0.0
ANV,09:20:51,Sell Down,200.0,31700.0,0.0
ANV,09:20:51,Sell Down,100.0,31700.0,0.0
ANV,09:17:46,Sell Down,100.0,31700.0,-50.0
ANV,09:17:12,Buy Up,1200.0,31750.0,0.0
ANV,09:17:12,Buy Up,1000.0,31750.0,0.0
ANV,09:17:12,Buy Up,1000.0,31750.0,0.0
ANV,09:15:59,Sell Down,100.0,31750.0,0.0
ANV,09:15:59,Sell Down,400.0,31750.0,0.0
ANV,09:15:59,Sell Down,300.0,31750.0,0.0
ANV,09:15:59,Sell Down,200.0,31750.0,0.0
ANV,09:15:44,Sell Down,100.0,31750.0,-50.0
ANV,09:15:00,,11100.0,31800.0,0.0
