ticker,time,orderType,volume,price,prevPriceChange
PVD,13:00:29,Sell Down,100,28250.0,0.0
PVD,13:00:21,Sell Down,2000,28250.0,-50.0
PVD,13:00:08,Buy Up,500,28300.0,0.0
PVD,13:00:05,Buy Up,1000,28300.0,0.0
PVD,13:00:04,Buy Up,2000,28300.0,50.0
PVD,13:00:02,Sell Down,500,28250.0,0.0
PVD,13:00:01,Sell Down,700,28250.0,0.0
PVD,13:00:01,Sell Down,500,28250.0,0.0
PVD,13:00:00,Sell Down,300,28250.0,0.0
PVD,13:00:00,Sell Down,500,28250.0,0.0
PVD,13:00:00,Sell Down,100,28250.0,0.0
PVD,13:00:00,Sell Down,500,28250.0,0.0
PVD,13:00:00,Sell Down,500,28250.0,0.0
PVD,13:00:00,Sell Down,2000,28250.0,0.0
PVD,13:00:00,Sell Down,700,28250.0,0.0
PVD,13:00:00,Sell Down,2400,28250.0,0.0
PVD,13:00:00,Sell Down,1100,28250.0,0.0
PVD,11:29:51,Sell Down,300,28250.0,-50.0
PVD,11:29:28,Buy Up,200,28300.0,0.0
PVD,11:29:25,Buy Up,300,28300.0,0.0
PVD,11:29:22,Buy Up,500,28300.0,0.0
PVD,11:29:22,Buy Up,2000,28300.0,0.0
PVD,11:29:22,Buy Up,100,28300.0,0.0
PVD,11:29:22,Buy Up,200,28300.0,0.0
PVD,11:28:58,Buy Up,200,28300.0,50.0
PVD,11:28:57,Sell Down,200,28250.0,-50.0
PVD,11:28:33,Buy Up,100,28300.0,50.0
PVD,11:28:27,Sell Down,200,28250.0,0.0
PVD,11:28:00,Sell Down,2000,28250.0,0.0
PVD,11:27:57,Sell Down,200,28250.0,0.0
PVD,11:27:44,Sell Down,100,28250.0,0.0
PVD,11:27:27,Sell Down,2000,28250.0,0.0
PVD,11:27:26,Sell Down,200,28250.0,0.0
PVD,11:26:56,Sell Down,200,28250.0,0.0
PVD,11:26:52,Sell Down,1300,28250.0,0.0
PVD,11:26:26,Sell Down,200,28250.0,0.0
PVD,11:26:21,Sell Down,100,28250.0,0.0
PVD,11:26:01,Sell Down,1500,28250.0,0.0
PVD,11:25:56,Sell Down,200,28250.0,0.0
PVD,11:25:41,Sell Down,1800,28250.0,0.0
PVD,11:25:26,Sell Down,200,28250.0,0.0
PVD,11:24:59,Sell Down,100,28250.0,0.0
PVD,11:24:56,Sell Down,200,28250.0,0.0
PVD,11:24:55,Sell Down,300,28250.0,0.0
PVD,11:24:26,Sell Down,200,28250.0,-50.0
PVD,11:24:17,Buy Up,900,28300.0,50.0
PVD,11:23:56,Sell Down,200,28250.0,-50.0
PVD,11:23:54,Buy Up,500,28300.0,0.0
PVD,11:23:47,Buy Up,900,28300.0,0.0
PVD,11:23:47,Buy Up,100,28300.0,0.0
PVD,11:23:30,Buy Up,200,28300.0,50.0
PVD,11:23:26,Sell Down,200,28250.0,0.0
PVD,11:22:56,Sell Down,200,28250.0,-50.0
PVD,11:22:26,Buy Up,400,28300.0,0.0
PVD,11:22:26,Buy Up,1600,28300.0,50.0
PVD,11:22:26,Sell Down,200,28250.0,-50.0
PVD,11:22:25,Buy Up,100,28300.0,0.0
PVD,11:22:20,Buy Up,300,28300.0,0.0
PVD,11:22:20,Buy Up,100,28300.0,0.0
PVD,11:22:20,Buy Up,200,28300.0,0.0
PVD,11:22:20,Buy Up,100,28300.0,0.0
PVD,11:22:20,Buy Up,1000,28300.0,0.0
PVD,11:22:20,Buy Up,700,28300.0,0.0
PVD,11:22:20,Buy Up,500,28300.0,0.0
PVD,11:22:20,Buy Up,100,28300.0,0.0
PVD,11:22:18,Buy Up,400,28300.0,0.0
PVD,11:21:56,Buy Up,300,28300.0,0.0
PVD,11:21:56,Buy Up,1000,28300.0,0.0
PVD,11:21:56,Buy Up,500,28300.0,0.0
PVD,11:21:56,Buy Up,200,28300.0,0.0
PVD,11:21:56,Buy Up,3000,28300.0,50.0
PVD,11:21:56,Sell Down,200,28250.0,-50.0
PVD,11:21:40,Buy Up,7000,28300.0,0.0
PVD,11:21:40,Buy Up,1000,28300.0,0.0
PVD,11:21:40,Buy Up,2000,28300.0,50.0
PVD,11:21:25,Sell Down,200,28250.0,-50.0
PVD,11:21:16,Buy Up,500,28300.0,0.0
PVD,11:20:59,Buy Up,500,28300.0,50.0
PVD,11:20:56,Sell Down,200,28250.0,0.0
PVD,11:20:54,Sell Down,100,28250.0,0.0
PVD,11:20:25,Sell Down,200,28250.0,0.0
PVD,11:20:14,Sell Down,20000,28250.0,0.0
PVD,11:19:55,Sell Down,200,28250.0,-50.0
PVD,11:19:49,Buy Up,100,28300.0,50.0
PVD,11:19:30,Sell Down,200,28250.0,0.0
PVD,11:19:25,Sell Down,200,28250.0,-50.0
PVD,11:19:14,Buy Up,500,28300.0,0.0
PVD,11:19:07,Buy Up,500,28300.0,50.0
PVD,11:18:55,Sell Down,200,28250.0,0.0
PVD,11:18:32,Sell Down,1000,28250.0,0.0
PVD,11:18:25,Sell Down,200,28250.0,-50.0
PVD,11:18:12,Buy Up,500,28300.0,50.0
PVD,11:18:08,Sell Down,100,28250.0,0.0
PVD,11:17:55,Sell Down,200,28250.0,-50.0
PVD,11:17:37,Buy Up,400,28300.0,0.0
PVD,11:17:37,Buy Up,200,28300.0,0.0
PVD,11:17:37,Buy Up,400,28300.0,50.0
PVD,11:17:26,Sell Down,4000,28250.0,0.0
PVD,11:17:25,Sell Down,200,28250.0,0.0
PVD,11:17:14,Sell Down,500,28250.0,0.0
PVD,11:16:55,Sell Down,200,28250.0,0.0
PVD,11:16:51,Sell Down,1100,28250.0,0.0
PVD,11:16:51,Sell Down,1900,28250.0,0.0
PVD,11:16:46,Sell Down,100,28250.0,0.0
PVD,11:16:25,Sell Down,200,28250.0,0.0
PVD,11:16:15,Sell Down,10000,28250.0,0.0
PVD,11:15:55,Sell Down,200,28250.0,0.0
PVD,11:15:50,Sell Down,200,28250.0,0.0
PVD,11:15:30,Sell Down,1000,28250.0,0.0
PVD,11:15:25,Sell Down,200,28250.0,0.0
PVD,11:15:24,Sell Down,100,28250.0,0.0
PVD,11:15:01,Sell Down,5000,28250.0,0.0
PVD,11:14:55,Sell Down,200,28250.0,0.0
PVD,11:14:24,Sell Down,200,28250.0,0.0
PVD,11:14:06,Buy Up,5000,28250.0,0.0
PVD,11:14:06,Buy Up,700,28250.0,50.0
PVD,11:14:03,Sell Down,100,28200.0,0.0
PVD,11:13:54,Sell Down,200,28200.0,0.0
PVD,11:13:24,Sell Down,200,28200.0,-50.0
PVD,11:13:24,Buy Up,2000,28250.0,0.0
PVD,11:13:19,Sell Down,300,28250.0,0.0
PVD,11:13:12,Buy Up,1700,28250.0,0.0
PVD,11:12:54,Sell Down,2000,28250.0,0.0
PVD,11:12:54,Sell Down,5600,28250.0,0.0
PVD,11:12:54,Sell Down,400,28250.0,0.0
PVD,11:12:54,Sell Down,10300,28250.0,0.0
PVD,11:12:54,Sell Down,200,28250.0,0.0
PVD,11:12:40,Sell Down,100,28250.0,0.0
PVD,11:12:29,Sell Down,9400,28250.0,0.0
PVD,11:12:29,Sell Down,5000,28250.0,0.0
PVD,11:12:29,Sell Down,500,28250.0,0.0
PVD,11:12:29,Sell Down,400,28250.0,0.0
PVD,11:12:25,Sell Down,100,28250.0,0.0
PVD,11:12:24,Sell Down,200,28250.0,0.0
PVD,11:11:54,Sell Down,200,28250.0,-50.0
PVD,11:11:36,Buy Up,600,28300.0,50.0
PVD,11:11:24,Sell Down,100,28250.0,0.0
PVD,11:11:24,Sell Down,100,28250.0,0.0
PVD,11:11:20,Sell Down,100,28250.0,0.0
PVD,11:11:20,Sell Down,100,28250.0,0.0
PVD,11:11:18,Sell Down,100,28250.0,0.0
PVD,11:10:57,Sell Down,1000,28250.0,0.0
PVD,11:10:54,Sell Down,200,28250.0,0.0
PVD,11:10:24,Sell Down,200,28250.0,0.0
PVD,11:09:56,Sell Down,100,28250.0,0.0
PVD,11:09:54,Sell Down,200,28250.0,-50.0
PVD,11:09:40,Buy Up,1000,28300.0,0.0
PVD,11:09:40,Buy Up,1000,28300.0,0.0
PVD,11:09:26,Buy Up,1000,28300.0,50.0
PVD,11:09:24,Buy Up,200,28250.0,0.0
PVD,11:09:13,Sell Down,400,28250.0,0.0
PVD,11:09:13,Sell Down,1000,28250.0,0.0
PVD,11:09:13,Sell Down,600,28250.0,0.0
PVD,11:09:13,Sell Down,400,28250.0,0.0
PVD,11:09:11,Buy Up,1300,28250.0,0.0
PVD,11:09:11,Buy Up,600,28250.0,0.0
PVD,11:09:11,Buy Up,100,28250.0,0.0
PVD,11:09:00,Buy Up,2000,28250.0,50.0
PVD,11:08:53,Sell Down,200,28200.0,-50.0
PVD,11:08:50,Buy Up,200,28250.0,0.0
PVD,11:08:42,Buy Up,500,28250.0,0.0
PVD,11:08:36,Buy Up,1000,28250.0,0.0
PVD,11:08:36,Buy Up,1000,28250.0,50.0
PVD,11:08:33,Sell Down,100,28200.0,0.0
PVD,11:08:23,Sell Down,200,28200.0,-50.0
PVD,11:08:17,Buy Up,1600,28250.0,50.0
PVD,11:07:53,Sell Down,200,28200.0,0.0
PVD,11:07:23,Sell Down,200,28200.0,-50.0
PVD,11:07:09,Buy Up,400,28250.0,0.0
PVD,11:06:55,Buy Up,500,28250.0,50.0
PVD,11:06:53,Sell Down,200,28200.0,0.0
PVD,11:06:46,Sell Down,700,28200.0,-50.0
PVD,11:06:45,Buy Up,1500,28250.0,50.0
PVD,11:06:23,Sell Down,200,28200.0,-50.0
PVD,11:06:21,Buy Up,5000,28250.0,50.0
PVD,11:05:53,Sell Down,200,28200.0,0.0
PVD,11:05:49,Buy Up,100,28200.0,0.0
PVD,11:05:49,Buy Up,1900,28200.0,0.0
PVD,11:05:32,Buy Up,2000,28200.0,50.0
PVD,11:05:23,Sell Down,200,28150.0,-50.0
PVD,11:05:21,Sell Down,300,28200.0,0.0
PVD,11:05:21,Sell Down,5000,28200.0,0.0
PVD,11:05:21,Sell Down,10000,28200.0,0.0
PVD,11:05:21,Sell Down,1400,28200.0,0.0
PVD,11:05:21,Sell Down,1000,28200.0,0.0
PVD,11:05:21,Sell Down,8600,28200.0,-50.0
PVD,11:05:21,Sell Down,300,28250.0,0.0
PVD,11:05:21,Sell Down,1000,28250.0,0.0
PVD,11:05:21,Sell Down,200,28250.0,0.0
PVD,11:05:21,Sell Down,500,28250.0,0.0
PVD,11:05:21,Sell Down,1700,28250.0,0.0
PVD,11:05:21,Sell Down,1600,28250.0,0.0
PVD,11:05:10,Sell Down,600,28250.0,0.0
PVD,11:04:54,Sell Down,300,28250.0,0.0
PVD,11:04:54,Sell Down,2300,28250.0,0.0
PVD,11:04:54,Sell Down,800,28250.0,0.0
PVD,11:04:54,Sell Down,1700,28250.0,0.0
PVD,11:04:54,Sell Down,1700,28250.0,0.0
PVD,11:04:54,Sell Down,100,28250.0,0.0
PVD,11:04:54,Sell Down,100,28250.0,0.0
PVD,11:04:54,Sell Down,13000,28250.0,0.0
PVD,11:04:53,Sell Down,200,28250.0,0.0
PVD,11:04:49,Sell Down,500,28250.0,0.0
PVD,11:04:43,Sell Down,1300,28250.0,0.0
PVD,11:04:43,Sell Down,200,28250.0,0.0
PVD,11:04:43,Sell Down,1500,28250.0,-50.0
PVD,11:04:39,Buy Up,200,28300.0,0.0
PVD,11:04:39,Buy Up,100,28300.0,0.0
PVD,11:04:39,Buy Up,100,28300.0,0.0
PVD,11:04:39,Buy Up,100,28300.0,0.0
PVD,11:04:39,Buy Up,2000,28300.0,0.0
PVD,11:04:39,Buy Up,3000,28300.0,0.0
PVD,11:04:39,Buy Up,200,28300.0,0.0
PVD,11:04:39,Buy Up,100,28300.0,0.0
PVD,11:04:39,Buy Up,300,28300.0,0.0
PVD,11:04:39,Buy Up,100,28300.0,0.0
PVD,11:04:39,Buy Up,100,28300.0,0.0
PVD,11:04:39,Buy Up,9700,28300.0,0.0
PVD,11:04:39,Buy Up,500,28300.0,0.0
PVD,11:04:39,Buy Up,100,28300.0,0.0
PVD,11:04:39,Buy Up,1000,28300.0,0.0
PVD,11:04:39,Buy Up,500,28300.0,0.0
PVD,11:04:39,Buy Up,600,28300.0,0.0
PVD,11:04:39,Buy Up,100,28300.0,0.0
PVD,11:04:39,Buy Up,100,28300.0,0.0
PVD,11:04:39,Buy Up,5000,28300.0,0.0
PVD,11:04:39,Buy Up,100,28300.0,0.0
PVD,11:04:39,Buy Up,2000,28300.0,0.0
PVD,11:04:39,Buy Up,500,28300.0,0.0
PVD,11:04:39,Buy Up,3500,28300.0,50.0
PVD,11:04:28,Sell Down,600,28250.0,0.0
PVD,11:04:27,Sell Down,100,28250.0,0.0
PVD,11:04:23,Sell Down,200,28250.0,-50.0
PVD,11:04:16,Buy Up,500,28300.0,50.0
PVD,11:04:07,Sell Down,500,28250.0,0.0
PVD,11:03:53,Sell Down,200,28250.0,-50.0
PVD,11:03:49,Buy Up,500,28300.0,50.0
PVD,11:03:46,Sell Down,600,28250.0,0.0
PVD,11:03:34,Sell Down,100,28250.0,-50.0
PVD,11:03:33,Buy Up,500,28300.0,50.0
PVD,11:03:25,Sell Down,500,28250.0,0.0
PVD,11:03:23,Sell Down,200,28250.0,0.0
PVD,11:03:15,Buy Up,100,28250.0,0.0
PVD,11:03:15,Buy Up,1000,28250.0,0.0
PVD,11:03:15,Buy Up,1000,28250.0,0.0
PVD,11:03:15,Buy Up,1300,28250.0,0.0
PVD,11:03:15,Buy Up,1000,28250.0,0.0
PVD,11:03:15,Buy Up,500,28250.0,0.0
PVD,11:03:15,Buy Up,100,28250.0,0.0
PVD,11:03:15,Buy Up,100,28250.0,0.0
PVD,11:03:15,Buy Up,200,28250.0,0.0
PVD,11:03:15,Buy Up,200,28250.0,0.0
PVD,11:03:14,Buy Up,300,28250.0,0.0
PVD,11:03:14,Buy Up,500,28250.0,0.0
PVD,11:03:14,Buy Up,200,28250.0,0.0
PVD,11:03:14,Buy Up,100,28250.0,0.0
PVD,11:03:14,Buy Up,100,28250.0,0.0
PVD,11:03:14,Buy Up,700,28250.0,0.0
PVD,11:03:14,Buy Up,100,28250.0,0.0
PVD,11:03:14,Buy Up,100,28250.0,0.0
PVD,11:03:05,Buy Up,200,28250.0,50.0
PVD,11:03:05,Sell Down,200,28200.0,0.0
PVD,11:03:04,Sell Down,600,28200.0,0.0
PVD,11:02:52,Sell Down,200,28200.0,0.0
PVD,11:02:43,Sell Down,400,28200.0,0.0
PVD,11:02:43,Sell Down,200,28200.0,-50.0
PVD,11:02:42,Buy Up,100,28250.0,50.0
PVD,11:02:36,Sell Down,2000,28200.0,0.0
PVD,11:02:26,Buy Up,15000,28200.0,0.0
PVD,11:02:26,Buy Up,100,28200.0,0.0
PVD,11:02:26,Buy Up,100,28200.0,0.0
PVD,11:02:26,Buy Up,1000,28200.0,0.0
PVD,11:02:26,Buy Up,300,28200.0,0.0
PVD,11:02:26,Buy Up,100,28200.0,0.0
PVD,11:02:26,Buy Up,500,28200.0,0.0
PVD,11:02:26,Buy Up,700,28200.0,0.0
PVD,11:02:24,Buy Up,14300,28200.0,0.0
PVD,11:02:24,Buy Up,100,28200.0,0.0
PVD,11:02:24,Buy Up,1000,28200.0,0.0
PVD,11:02:24,Buy Up,100,28200.0,0.0
PVD,11:02:24,Buy Up,14500,28200.0,0.0
PVD,11:02:24,Buy Up,500,28200.0,0.0
PVD,11:02:24,Buy Up,1000,28200.0,0.0
PVD,11:02:24,Buy Up,100,28200.0,50.0
PVD,11:02:22,Sell Down,200,28150.0,-50.0
PVD,11:02:21,Buy Up,100,28200.0,0.0
PVD,11:02:21,Buy Up,100,28200.0,0.0
PVD,11:02:21,Buy Up,200,28200.0,0.0
PVD,11:02:21,Buy Up,3000,28200.0,0.0
PVD,11:02:21,Buy Up,200,28200.0,0.0
PVD,11:02:21,Buy Up,1000,28200.0,0.0
PVD,11:02:21,Buy Up,1000,28200.0,0.0
PVD,11:02:21,Buy Up,4400,28200.0,0.0
PVD,11:02:10,Buy Up,100,28200.0,0.0
PVD,11:02:07,Buy Up,1000,28200.0,0.0
PVD,11:01:59,Buy Up,5000,28200.0,50.0
PVD,11:01:52,Sell Down,200,28150.0,-50.0
PVD,11:01:52,Buy Up,600,28200.0,0.0
PVD,11:01:50,Buy Up,500,28200.0,0.0
PVD,11:01:43,Buy Up,300,28200.0,0.0
PVD,11:01:27,Buy Up,500,28200.0,50.0
PVD,11:01:22,Sell Down,200,28150.0,-50.0
PVD,11:01:17,Buy Up,600,28200.0,0.0
PVD,11:01:17,Buy Up,100,28200.0,50.0
PVD,11:00:52,Sell Down,200,28150.0,0.0
PVD,11:00:30,Sell Down,300,28150.0,0.0
PVD,11:00:22,Sell Down,200,28150.0,-50.0
PVD,11:00:09,Buy Up,200,28200.0,50.0
PVD,10:59:52,Sell Down,200,28150.0,-50.0
PVD,10:59:49,Buy Up,400,28200.0,0.0
PVD,10:59:28,Buy Up,100,28200.0,50.0
PVD,10:59:22,Sell Down,200,28150.0,0.0
PVD,10:59:08,Sell Down,2000,28150.0,0.0
PVD,10:58:59,Sell Down,100,28150.0,0.0
PVD,10:58:52,Sell Down,200,28150.0,0.0
PVD,10:58:22,Sell Down,200,28150.0,0.0
PVD,10:57:52,Sell Down,200,28150.0,-50.0
PVD,10:57:43,Buy Up,1000,28200.0,50.0
PVD,10:57:36,Sell Down,100,28150.0,0.0
PVD,10:57:22,Sell Down,200,28150.0,0.0
PVD,10:56:51,Sell Down,200,28150.0,-50.0
PVD,10:56:45,Buy Up,200,28200.0,0.0
PVD,10:56:45,Buy Up,300,28200.0,50.0
PVD,10:56:21,Sell Down,200,28150.0,-50.0
PVD,10:56:06,Buy Up,700,28200.0,0.0
PVD,10:56:06,Buy Up,300,28200.0,50.0
PVD,10:55:51,Sell Down,200,28150.0,-50.0
PVD,10:55:40,Buy Up,700,28200.0,0.0
PVD,10:55:40,Buy Up,300,28200.0,0.0
PVD,10:55:40,Buy Up,1200,28200.0,50.0
PVD,10:55:21,Sell Down,200,28150.0,0.0
PVD,10:54:54,Sell Down,1000,28150.0,0.0
PVD,10:54:51,Sell Down,200,28150.0,-50.0
PVD,10:54:42,Buy Up,600,28200.0,0.0
PVD,10:54:42,Buy Up,9400,28200.0,0.0
PVD,10:54:35,Buy Up,500,28200.0,0.0
PVD,10:54:22,Buy Up,1100,28200.0,0.0
PVD,10:54:22,Buy Up,3900,28200.0,0.0
PVD,10:54:21,Buy Up,1000,28200.0,50.0
PVD,10:54:21,Sell Down,200,28150.0,-50.0
PVD,10:54:02,Buy Up,2800,28200.0,50.0
PVD,10:53:51,Sell Down,200,28150.0,0.0
PVD,10:53:30,Sell Down,100,28150.0,0.0
PVD,10:53:21,Sell Down,200,28150.0,0.0
PVD,10:52:51,Sell Down,200,28150.0,-50.0
PVD,10:52:34,Buy Up,1000,28200.0,50.0
PVD,10:52:21,Sell Down,200,28150.0,0.0
PVD,10:52:07,Sell Down,100,28150.0,0.0
PVD,10:51:51,Sell Down,200,28150.0,0.0
PVD,10:51:21,Sell Down,200,28150.0,0.0
PVD,10:51:19,Sell Down,100,28150.0,0.0
PVD,10:50:51,Sell Down,200,28150.0,0.0
PVD,10:50:45,Sell Down,100,28150.0,0.0
PVD,10:50:21,Sell Down,200,28150.0,0.0
PVD,10:49:51,Sell Down,200,28150.0,0.0
PVD,10:49:23,Sell Down,100,28150.0,0.0
PVD,10:49:21,Sell Down,200,28150.0,0.0
PVD,10:49:09,Sell Down,8700,28150.0,0.0
PVD,10:48:50,Sell Down,200,28150.0,0.0
PVD,10:48:20,Sell Down,100,28150.0,0.0
PVD,10:48:01,Sell Down,900,28150.0,0.0
PVD,10:48:01,Sell Down,100,28150.0,0.0
PVD,10:48:01,Sell Down,2000,28150.0,0.0
PVD,10:48:00,Sell Down,100,28150.0,0.0
PVD,10:47:50,Sell Down,100,28150.0,0.0
PVD,10:47:25,Sell Down,1000,28150.0,0.0
PVD,10:47:20,Sell Down,100,28150.0,0.0
PVD,10:47:09,Sell Down,500,28150.0,0.0
PVD,10:46:50,Sell Down,100,28150.0,0.0
PVD,10:46:38,Sell Down,100,28150.0,0.0
PVD,10:46:20,Sell Down,100,28150.0,0.0
PVD,10:45:50,Sell Down,100,28150.0,0.0
PVD,10:45:43,Sell Down,5000,28150.0,0.0
PVD,10:45:20,Sell Down,500,28150.0,0.0
PVD,10:45:20,Sell Down,100,28150.0,-50.0
PVD,10:45:09,Buy Up,100,28200.0,50.0
PVD,10:45:00,Sell Down,3000,28150.0,0.0
PVD,10:44:50,Sell Down,100,28150.0,0.0
PVD,10:44:25,Sell Down,500,28150.0,0.0
PVD,10:44:20,Sell Down,100,28150.0,0.0
PVD,10:43:54,Sell Down,200,28150.0,0.0
PVD,10:43:50,Sell Down,100,28150.0,0.0
PVD,10:43:19,Sell Down,200,28150.0,-50.0
PVD,10:42:29,Buy Up,100,28200.0,50.0
PVD,10:41:11,Sell Down,100,28150.0,0.0
PVD,10:40:58,Sell Down,600,28150.0,0.0
PVD,10:40:58,Sell Down,400,28150.0,-50.0
PVD,10:40:57,Buy Up,1100,28200.0,0.0
PVD,10:40:57,Buy Up,300,28200.0,0.0
PVD,10:40:57,Buy Up,600,28200.0,0.0
PVD,10:40:53,Buy Up,500,28200.0,0.0
PVD,10:40:50,Buy Up,200,28200.0,0.0
PVD,10:40:33,Buy Up,100,28200.0,0.0
PVD,10:40:09,Buy Up,500,28200.0,0.0
PVD,10:40:08,Buy Up,100,28200.0,0.0
PVD,10:39:43,Buy Up,500,28200.0,0.0
PVD,10:39:43,Buy Up,500,28200.0,0.0
PVD,10:39:36,Buy Up,1000,28200.0,0.0
PVD,10:39:36,Buy Up,200,28200.0,0.0
PVD,10:39:36,Buy Up,500,28200.0,0.0
PVD,10:39:36,Buy Up,5000,28200.0,0.0
PVD,10:39:36,Buy Up,7000,28200.0,0.0
PVD,10:39:35,Buy Up,6300,28200.0,0.0
PVD,10:39:22,Buy Up,800,28200.0,0.0
PVD,10:39:10,Buy Up,1800,28200.0,0.0
PVD,10:38:56,Buy Up,1000,28200.0,0.0
PVD,10:38:37,Buy Up,100,28200.0,0.0
PVD,10:38:37,Buy Up,300,28200.0,0.0
PVD,10:38:28,Buy Up,300,28200.0,0.0
PVD,10:38:16,Buy Up,3000,28200.0,0.0
PVD,10:38:05,Buy Up,200,28200.0,0.0
PVD,10:38:05,Buy Up,200,28200.0,0.0
PVD,10:38:05,Buy Up,3600,28200.0,0.0
PVD,10:38:04,Buy Up,1400,28200.0,0.0
PVD,10:38:04,Buy Up,300,28200.0,0.0
PVD,10:38:04,Buy Up,1000,28200.0,0.0
PVD,10:38:04,Buy Up,1300,28200.0,0.0
PVD,10:38:02,Buy Up,100,28200.0,0.0
PVD,10:37:48,Buy Up,100,28200.0,0.0
PVD,10:37:30,Buy Up,400,28200.0,0.0
PVD,10:37:21,Buy Up,300,28200.0,0.0
PVD,10:37:17,Buy Up,100,28200.0,0.0
PVD,10:37:14,Buy Up,7700,28200.0,0.0
PVD,10:37:14,Buy Up,2300,28200.0,0.0
PVD,10:37:13,Buy Up,3300,28200.0,0.0
PVD,10:36:20,Buy Up,10000,28200.0,0.0
PVD,10:35:48,Buy Up,100,28200.0,0.0
PVD,10:35:38,Buy Up,100,28200.0,0.0
PVD,10:35:12,Buy Up,600,28200.0,0.0
PVD,10:34:54,Buy Up,2000,28200.0,0.0
PVD,10:33:39,Buy Up,300,28200.0,0.0
PVD,10:33:00,Buy Up,500,28200.0,0.0
PVD,10:32:57,Buy Up,200,28200.0,0.0
PVD,10:32:53,Buy Up,500,28200.0,0.0
PVD,10:32:53,Buy Up,300,28200.0,0.0
PVD,10:32:44,Buy Up,300,28200.0,0.0
PVD,10:32:33,Buy Up,500,28200.0,0.0
PVD,10:32:24,Buy Up,500,28200.0,0.0
PVD,10:32:15,Buy Up,500,28200.0,0.0
PVD,10:32:14,Buy Up,200,28200.0,0.0
PVD,10:32:08,Buy Up,900,28200.0,0.0
PVD,10:32:01,Buy Up,200,28200.0,0.0
PVD,10:31:55,Buy Up,500,28200.0,0.0
PVD,10:30:37,Buy Up,3600,28200.0,0.0
PVD,10:29:50,Buy Up,100,28200.0,50.0
PVD,10:28:00,Sell Down,500,28150.0,-50.0
PVD,10:27:59,Buy Up,2000,28200.0,0.0
PVD,10:27:44,Buy Up,100,28200.0,0.0
PVD,10:27:27,Buy Up,800,28200.0,0.0
PVD,10:26:43,Buy Up,100,28200.0,0.0
PVD,10:26:42,Buy Up,200,28200.0,0.0
PVD,10:26:37,Buy Up,100,28200.0,0.0
PVD,10:26:33,Buy Up,10200,28200.0,0.0
PVD,10:26:29,Buy Up,200,28200.0,0.0
PVD,10:26:25,Buy Up,1000,28200.0,0.0
PVD,10:26:20,Buy Up,1300,28200.0,0.0
PVD,10:25:42,Buy Up,200,28200.0,0.0
PVD,10:25:21,Buy Up,100,28200.0,0.0
PVD,10:25:19,Sell Down,4000,28200.0,0.0
PVD,10:25:19,Sell Down,2200,28200.0,0.0
PVD,10:25:14,Sell Down,1000,28200.0,0.0
PVD,10:25:01,Sell Down,800,28200.0,0.0
PVD,10:24:56,Buy Up,200,28200.0,0.0
PVD,10:24:56,Buy Up,100,28200.0,0.0
PVD,10:24:56,Buy Up,600,28200.0,0.0
PVD,10:24:51,Buy Up,1000,28200.0,0.0
PVD,10:24:39,Buy Up,2000,28200.0,0.0
PVD,10:24:33,Buy Up,5000,28200.0,0.0
PVD,10:24:14,Buy Up,300,28200.0,0.0
PVD,10:24:00,Buy Up,900,28200.0,0.0
PVD,10:24:00,Buy Up,1100,28200.0,0.0
PVD,10:24:00,Buy Up,1000,28200.0,0.0
PVD,10:23:58,Buy Up,400,28200.0,0.0
PVD,10:23:42,Buy Up,100,28200.0,0.0
PVD,10:23:37,Buy Up,3000,28200.0,0.0
PVD,10:23:09,Buy Up,500,28200.0,0.0
PVD,10:22:53,Sell Down,300,28200.0,0.0
PVD,10:22:53,Sell Down,4800,28200.0,0.0
PVD,10:22:41,Sell Down,15000,28200.0,0.0
PVD,10:21:36,Sell Down,200,28200.0,0.0
PVD,10:21:36,Sell Down,300,28200.0,0.0
PVD,10:21:32,Sell Down,200,28200.0,0.0
PVD,10:21:32,Sell Down,600,28200.0,0.0
PVD,10:21:19,Sell Down,400,28200.0,0.0
PVD,10:21:14,Buy Up,1000,28200.0,0.0
PVD,10:21:11,Buy Up,2000,28200.0,0.0
PVD,10:21:04,Buy Up,1000,28200.0,0.0
PVD,10:21:02,Buy Up,600,28200.0,0.0
PVD,10:21:02,Buy Up,400,28200.0,0.0
PVD,10:20:59,Buy Up,9600,28200.0,0.0
PVD,10:20:59,Buy Up,400,28200.0,0.0
PVD,10:20:50,Buy Up,400,28200.0,0.0
PVD,10:20:48,Buy Up,600,28200.0,0.0
PVD,10:20:48,Buy Up,400,28200.0,0.0
PVD,10:20:42,Buy Up,1000,28200.0,0.0
PVD,10:20:15,Buy Up,1000,28200.0,50.0
PVD,10:20:12,Sell Down,100,28150.0,0.0
PVD,10:20:12,Sell Down,400,28150.0,-50.0
PVD,10:20:06,Buy Up,4200,28200.0,0.0
PVD,10:20:06,Buy Up,800,28200.0,0.0
PVD,10:19:37,Buy Up,100,28200.0,0.0
PVD,10:19:21,Buy Up,200,28200.0,0.0
PVD,10:19:19,Buy Up,1000,28200.0,0.0
PVD,10:18:35,Buy Up,100,28200.0,0.0
PVD,10:18:31,Buy Up,2000,28200.0,0.0
PVD,10:18:21,Buy Up,2000,28200.0,0.0
PVD,10:18:06,Buy Up,500,28200.0,0.0
PVD,10:17:52,Buy Up,3000,28200.0,0.0
PVD,10:17:41,Buy Up,300,28200.0,0.0
PVD,10:17:29,Sell Down,9700,28200.0,0.0
PVD,10:17:29,Sell Down,300,28200.0,0.0
PVD,10:17:25,Sell Down,700,28200.0,0.0
PVD,10:17:25,Sell Down,700,28200.0,0.0
PVD,10:17:25,Sell Down,200,28200.0,0.0
PVD,10:17:25,Sell Down,8400,28200.0,0.0
PVD,10:16:19,Sell Down,300,28200.0,0.0
PVD,10:16:19,Sell Down,100,28200.0,0.0
PVD,10:16:19,Sell Down,100,28200.0,0.0
PVD,10:16:19,Sell Down,300,28200.0,0.0
PVD,10:16:19,Sell Down,100,28200.0,0.0
PVD,10:16:19,Sell Down,100,28200.0,0.0
PVD,10:16:19,Sell Down,500,28200.0,0.0
PVD,10:16:19,Sell Down,3500,28200.0,-50.0
PVD,10:16:17,Buy Up,100,28250.0,50.0
PVD,10:15:49,Sell Down,200,28200.0,0.0
PVD,10:15:46,Sell Down,500,28200.0,0.0
PVD,10:15:46,Sell Down,5800,28200.0,0.0
PVD,10:15:44,Buy Up,500,28200.0,0.0
PVD,10:15:42,Buy Up,100,28200.0,0.0
PVD,10:15:40,Buy Up,5000,28200.0,0.0
PVD,10:15:37,Buy Up,2000,28200.0,50.0
PVD,10:15:36,Sell Down,5000,28150.0,0.0
PVD,10:15:36,Sell Down,500,28150.0,0.0
PVD,10:15:36,Sell Down,2000,28150.0,0.0
PVD,10:15:36,Sell Down,4000,28150.0,0.0
PVD,10:15:36,Sell Down,100,28150.0,0.0
PVD,10:15:36,Sell Down,1000,28150.0,0.0
PVD,10:15:36,Sell Down,100,28150.0,0.0
PVD,10:15:36,Sell Down,1500,28150.0,0.0
PVD,10:15:36,Sell Down,100,28150.0,0.0
PVD,10:15:36,Sell Down,100,28150.0,0.0
PVD,10:15:36,Sell Down,100,28150.0,0.0
PVD,10:15:36,Sell Down,100,28150.0,0.0
PVD,10:15:36,Sell Down,100,28150.0,0.0
PVD,10:15:36,Sell Down,100,28150.0,0.0
PVD,10:15:36,Sell Down,100,28150.0,0.0
PVD,10:15:36,Sell Down,100,28150.0,-50.0
PVD,10:15:27,Buy Up,100,28200.0,0.0
PVD,10:15:24,Buy Up,1500,28200.0,0.0
PVD,10:15:23,Buy Up,2000,28200.0,0.0
PVD,10:15:20,Buy Up,900,28200.0,0.0
PVD,10:15:20,Buy Up,1000,28200.0,0.0
PVD,10:15:19,Buy Up,100,28200.0,0.0
PVD,10:15:18,Buy Up,500,28200.0,0.0
PVD,10:15:16,Buy Up,29000,28200.0,0.0
PVD,10:15:10,Buy Up,1000,28200.0,0.0
PVD,10:14:55,Buy Up,3000,28200.0,0.0
PVD,10:14:51,Buy Up,2900,28200.0,0.0
PVD,10:14:51,Buy Up,5000,28200.0,0.0
PVD,10:14:24,Buy Up,1500,28200.0,0.0
PVD,10:13:46,Sell Down,100,28200.0,0.0
PVD,10:13:46,Sell Down,3000,28200.0,0.0
PVD,10:13:46,Sell Down,400,28200.0,-50.0
PVD,10:13:46,Sell Down,200,28250.0,0.0
PVD,10:13:46,Sell Down,100,28250.0,50.0
PVD,10:13:46,Sell Down,100,28200.0,0.0
PVD,10:13:46,Sell Down,5000,28200.0,0.0
PVD,10:13:46,Sell Down,500,28200.0,0.0
PVD,10:13:46,Sell Down,1000,28200.0,0.0
PVD,10:13:46,Sell Down,5000,28200.0,0.0
PVD,10:13:46,Sell Down,1900,28200.0,0.0
PVD,10:13:46,Sell Down,5000,28200.0,0.0
PVD,10:13:46,Sell Down,4000,28200.0,0.0
PVD,10:13:46,Sell Down,4000,28200.0,0.0
PVD,10:13:46,Sell Down,100,28200.0,0.0
PVD,10:13:46,Sell Down,10000,28200.0,0.0
PVD,10:13:46,Sell Down,1000,28200.0,0.0
PVD,10:13:46,Sell Down,100,28200.0,0.0
PVD,10:13:46,Sell Down,200,28200.0,0.0
PVD,10:13:46,Sell Down,100,28200.0,0.0
PVD,10:13:46,Sell Down,1000,28200.0,0.0
PVD,10:13:46,Sell Down,2000,28200.0,0.0
PVD,10:13:46,Sell Down,1600,28200.0,0.0
PVD,10:13:46,Sell Down,1000,28200.0,0.0
PVD,10:13:46,Sell Down,4000,28200.0,0.0
PVD,10:13:46,Sell Down,5000,28200.0,0.0
PVD,10:13:46,Sell Down,300,28200.0,0.0
PVD,10:13:46,Sell Down,4000,28200.0,0.0
PVD,10:13:46,Sell Down,200,28200.0,0.0
PVD,10:13:46,Sell Down,1000,28200.0,0.0
PVD,10:13:46,Sell Down,1000,28200.0,0.0
PVD,10:13:46,Sell Down,1000,28200.0,0.0
PVD,10:13:46,Sell Down,500,28200.0,0.0
PVD,10:13:46,Sell Down,100,28200.0,0.0
PVD,10:13:46,Sell Down,2000,28200.0,0.0
PVD,10:13:46,Sell Down,200,28200.0,-50.0
PVD,10:13:46,Sell Down,10000,28250.0,50.0
PVD,10:13:46,Sell Down,5000,28200.0,0.0
PVD,10:13:46,Sell Down,500,28200.0,0.0
PVD,10:13:46,Sell Down,500,28200.0,0.0
PVD,10:13:46,Sell Down,1000,28200.0,0.0
PVD,10:13:46,Sell Down,100,28200.0,0.0
PVD,10:13:46,Sell Down,500,28200.0,0.0
PVD,10:13:46,Sell Down,200,28200.0,0.0
PVD,10:13:46,Sell Down,100,28200.0,0.0
PVD,10:13:46,Sell Down,2000,28200.0,0.0
PVD,10:13:46,Sell Down,2000,28200.0,0.0
PVD,10:13:46,Sell Down,300,28200.0,0.0
PVD,10:13:46,Sell Down,100,28200.0,0.0
PVD,10:13:46,Sell Down,3000,28200.0,0.0
PVD,10:13:46,Sell Down,1000,28200.0,0.0
PVD,10:13:46,Sell Down,100,28200.0,0.0
PVD,10:13:46,Sell Down,100,28200.0,0.0
PVD,10:13:46,Sell Down,100,28200.0,0.0
PVD,10:13:46,Sell Down,5000,28200.0,0.0
PVD,10:13:46,Sell Down,100,28200.0,0.0
PVD,10:13:46,Sell Down,200,28200.0,0.0
PVD,10:13:46,Sell Down,2700,28200.0,-50.0
PVD,10:13:46,Sell Down,500,28250.0,0.0
PVD,10:13:46,Sell Down,20000,28250.0,0.0
PVD,10:13:46,Sell Down,100,28250.0,0.0
PVD,10:13:46,Sell Down,5000,28250.0,0.0
PVD,10:13:46,Sell Down,5000,28250.0,0.0
PVD,10:13:46,Sell Down,5000,28250.0,0.0
PVD,10:13:46,Sell Down,1200,28250.0,0.0
PVD,10:12:39,Sell Down,1800,28250.0,0.0
PVD,10:12:39,Sell Down,4100,28250.0,0.0
PVD,10:12:39,Sell Down,100,28250.0,0.0
PVD,10:12:34,Sell Down,8900,28250.0,0.0
PVD,10:12:34,Sell Down,100,28250.0,0.0
PVD,10:12:34,Sell Down,200,28250.0,0.0
PVD,10:12:34,Sell Down,800,28250.0,0.0
PVD,10:12:24,Sell Down,200,28250.0,0.0
PVD,10:11:44,Sell Down,300,28250.0,0.0
PVD,10:11:36,Buy Up,3700,28250.0,0.0
PVD,10:11:34,Buy Up,1000,28250.0,0.0
PVD,10:11:32,Buy Up,100,28250.0,0.0
PVD,10:11:25,Buy Up,700,28250.0,0.0
PVD,10:11:25,Buy Up,700,28250.0,0.0
PVD,10:11:25,Buy Up,1600,28250.0,0.0
PVD,10:11:08,Sell Down,3400,28250.0,0.0
PVD,10:11:08,Sell Down,10000,28250.0,0.0
PVD,10:11:08,Sell Down,4000,28250.0,0.0
PVD,10:11:08,Sell Down,7600,28250.0,0.0
PVD,10:10:36,Sell Down,1200,28250.0,0.0
PVD,10:10:30,Sell Down,300,28250.0,0.0
PVD,10:10:06,Sell Down,900,28250.0,0.0
PVD,10:10:06,Sell Down,900,28250.0,0.0
PVD,10:10:06,Sell Down,200,28250.0,0.0
PVD,10:09:19,Sell Down,900,28250.0,0.0
PVD,10:09:19,Sell Down,3100,28250.0,0.0
PVD,10:09:19,Sell Down,1000,28250.0,0.0
PVD,10:09:10,Sell Down,1000,28250.0,0.0
PVD,10:08:58,Sell Down,1100,28250.0,0.0
PVD,10:08:58,Sell Down,900,28250.0,0.0
PVD,10:08:08,Sell Down,100,28250.0,0.0
PVD,10:08:08,Sell Down,100,28250.0,0.0
PVD,10:08:08,Sell Down,300,28250.0,0.0
PVD,10:08:07,Sell Down,9000,28250.0,0.0
PVD,10:07:39,Sell Down,4000,28250.0,0.0
PVD,10:07:01,Sell Down,2500,28250.0,0.0
PVD,10:06:34,Sell Down,2000,28250.0,0.0
PVD,10:06:23,Sell Down,2100,28250.0,0.0
PVD,10:06:23,Sell Down,100,28250.0,0.0
PVD,10:06:23,Sell Down,2500,28250.0,0.0
PVD,10:06:23,Sell Down,700,28250.0,0.0
PVD,10:06:23,Sell Down,100,28250.0,0.0
PVD,10:06:23,Sell Down,100,28250.0,0.0
PVD,10:06:23,Sell Down,100,28250.0,0.0
PVD,10:06:23,Sell Down,3000,28250.0,0.0
PVD,10:06:23,Sell Down,1300,28250.0,0.0
PVD,10:05:52,Buy Up,300,28250.0,0.0
PVD,10:05:52,Buy Up,900,28250.0,0.0
PVD,10:05:52,Buy Up,1000,28250.0,0.0
PVD,10:05:52,Buy Up,5300,28250.0,0.0
PVD,10:05:43,Buy Up,100,28250.0,0.0
PVD,10:05:32,Buy Up,900,28250.0,0.0
PVD,10:05:30,Buy Up,300,28250.0,0.0
PVD,10:05:27,Buy Up,1000,28250.0,0.0
PVD,10:05:26,Buy Up,3400,28250.0,0.0
PVD,10:05:26,Buy Up,100,28250.0,0.0
PVD,10:05:26,Buy Up,1000,28250.0,0.0
PVD,10:05:26,Buy Up,5500,28250.0,0.0
PVD,10:05:10,Buy Up,100,28250.0,0.0
PVD,10:04:47,Buy Up,2000,28250.0,50.0
PVD,10:04:10,Sell Down,300,28200.0,0.0
PVD,10:04:10,Sell Down,200,28200.0,-50.0
PVD,10:03:55,Buy Up,500,28250.0,0.0
PVD,10:03:48,Buy Up,500,28250.0,0.0
PVD,10:03:37,Sell Down,4400,28250.0,0.0
PVD,10:03:37,Sell Down,5000,28250.0,0.0
PVD,10:03:37,Sell Down,1000,28250.0,0.0
PVD,10:03:37,Sell Down,300,28250.0,0.0
PVD,10:03:37,Sell Down,100,28250.0,0.0
PVD,10:03:37,Sell Down,600,28250.0,0.0
PVD,10:03:36,Sell Down,100,28250.0,0.0
PVD,10:03:28,Sell Down,100,28250.0,0.0
PVD,10:03:28,Sell Down,200,28250.0,0.0
PVD,10:03:28,Sell Down,5000,28250.0,0.0
PVD,10:03:28,Sell Down,800,28250.0,0.0
PVD,10:03:28,Sell Down,3000,28250.0,0.0
PVD,10:03:28,Sell Down,1000,28250.0,0.0
PVD,10:03:28,Sell Down,9900,28250.0,0.0
PVD,10:03:21,Sell Down,4900,28250.0,0.0
PVD,10:03:21,Sell Down,5000,28250.0,0.0
PVD,10:03:21,Sell Down,1000,28250.0,0.0
PVD,10:03:21,Sell Down,100,28250.0,0.0
PVD,10:03:21,Sell Down,300,28250.0,0.0
PVD,10:03:21,Sell Down,100,28250.0,0.0
PVD,10:03:21,Sell Down,500,28250.0,0.0
PVD,10:03:21,Sell Down,200,28250.0,0.0
PVD,10:03:21,Sell Down,2900,28250.0,-50.0
PVD,10:03:04,Buy Up,800,28300.0,50.0
PVD,10:03:00,Sell Down,2100,28250.0,0.0
PVD,10:03:00,Sell Down,200,28250.0,0.0
PVD,10:03:00,Sell Down,2200,28250.0,0.0
PVD,10:03:00,Sell Down,1000,28250.0,0.0
PVD,10:03:00,Sell Down,500,28250.0,0.0
PVD,10:03:00,Sell Down,2500,28250.0,0.0
PVD,10:03:00,Sell Down,100,28250.0,0.0
PVD,10:03:00,Sell Down,1000,28250.0,0.0
PVD,10:03:00,Sell Down,1000,28250.0,0.0
PVD,10:03:00,Sell Down,3000,28250.0,0.0
PVD,10:03:00,Sell Down,100,28250.0,0.0
PVD,10:03:00,Sell Down,1000,28250.0,0.0
PVD,10:03:00,Sell Down,500,28250.0,0.0
PVD,10:03:00,Sell Down,1000,28250.0,0.0
PVD,10:03:00,Sell Down,500,28250.0,0.0
PVD,10:03:00,Sell Down,100,28250.0,0.0
PVD,10:03:00,Sell Down,800,28250.0,0.0
PVD,10:03:00,Sell Down,2400,28250.0,0.0
PVD,10:02:15,Sell Down,2600,28250.0,0.0
PVD,10:02:15,Sell Down,2000,28250.0,0.0
PVD,10:02:15,Sell Down,400,28250.0,-50.0
PVD,10:02:06,Buy Up,5400,28300.0,0.0
PVD,10:02:06,Buy Up,600,28300.0,50.0
PVD,10:01:47,Sell Down,500,28250.0,0.0
PVD,10:01:45,Sell Down,100,28250.0,0.0
PVD,10:01:29,Sell Down,100,28250.0,0.0
PVD,10:01:29,Sell Down,100,28250.0,0.0
PVD,10:01:29,Sell Down,900,28250.0,0.0
PVD,10:01:27,Sell Down,100,28250.0,0.0
PVD,10:00:39,Sell Down,500,28250.0,0.0
PVD,10:00:10,Sell Down,300,28250.0,-50.0
PVD,10:00:05,Buy Up,4000,28300.0,50.0
PVD,09:59:59,Sell Down,100,28250.0,0.0
PVD,09:59:53,Sell Down,2000,28250.0,-50.0
PVD,09:59:50,Buy Up,1000,28300.0,50.0
PVD,09:59:41,Sell Down,500,28250.0,-50.0
PVD,09:59:35,Buy Up,1000,28300.0,0.0
PVD,09:59:10,Buy Up,100,28300.0,50.0
PVD,09:59:05,Sell Down,100,28250.0,-50.0
PVD,09:59:02,Buy Up,500,28300.0,50.0
PVD,09:58:42,Sell Down,2300,28250.0,0.0
PVD,09:58:21,Sell Down,100,28250.0,-50.0
PVD,09:57:41,Buy Up,1000,28300.0,0.0
PVD,09:57:40,Buy Up,400,28300.0,0.0
PVD,09:57:19,Buy Up,200,28300.0,0.0
PVD,09:57:19,Buy Up,400,28300.0,0.0
PVD,09:57:19,Buy Up,100,28300.0,0.0
PVD,09:57:19,Buy Up,300,28300.0,0.0
PVD,09:57:19,Buy Up,300,28300.0,0.0
PVD,09:57:19,Buy Up,200,28300.0,0.0
PVD,09:57:19,Buy Up,9000,28300.0,0.0
PVD,09:57:19,Buy Up,3000,28300.0,0.0
PVD,09:57:19,Buy Up,100,28300.0,0.0
PVD,09:57:19,Buy Up,1100,28300.0,0.0
PVD,09:57:19,Buy Up,1000,28300.0,0.0
PVD,09:57:19,Buy Up,600,28300.0,0.0
PVD,09:57:19,Buy Up,100,28300.0,0.0
PVD,09:57:19,Buy Up,500,28300.0,0.0
PVD,09:57:19,Buy Up,100,28300.0,0.0
PVD,09:57:19,Buy Up,700,28300.0,0.0
PVD,09:57:19,Buy Up,5000,28300.0,0.0
PVD,09:57:19,Buy Up,600,28300.0,0.0
PVD,09:57:19,Buy Up,100,28300.0,0.0
PVD,09:57:19,Buy Up,1000,28300.0,0.0
PVD,09:57:17,Sell Down,4000,28300.0,0.0
PVD,09:57:17,Sell Down,1000,28300.0,0.0
PVD,09:57:13,Sell Down,500,28300.0,0.0
PVD,09:57:13,Sell Down,4000,28300.0,0.0
PVD,09:57:13,Sell Down,500,28300.0,0.0
PVD,09:57:04,Sell Down,600,28300.0,0.0
PVD,09:56:43,Sell Down,500,28300.0,0.0
PVD,09:56:22,Sell Down,600,28300.0,0.0
PVD,09:56:01,Sell Down,500,28300.0,0.0
PVD,09:55:51,Sell Down,800,28300.0,0.0
PVD,09:55:40,Sell Down,600,28300.0,0.0
PVD,09:55:26,Sell Down,500,28300.0,0.0
PVD,09:55:19,Sell Down,400,28300.0,0.0
PVD,09:55:19,Sell Down,200,28300.0,0.0
PVD,09:54:58,Sell Down,600,28300.0,0.0
PVD,09:54:48,Sell Down,8000,28300.0,0.0
PVD,09:54:48,Sell Down,1000,28300.0,0.0
PVD,09:54:48,Sell Down,1000,28300.0,-50.0
PVD,09:54:41,Buy Up,100,28350.0,50.0
PVD,09:54:37,Sell Down,200,28300.0,0.0
PVD,09:54:37,Sell Down,400,28300.0,0.0
PVD,09:54:16,Sell Down,600,28300.0,0.0
PVD,09:54:16,Sell Down,100,28300.0,0.0
PVD,09:53:55,Sell Down,700,28300.0,0.0
PVD,09:53:45,Sell Down,9300,28300.0,50.0
PVD,09:53:39,Sell Down,6000,28250.0,0.0
PVD,09:53:39,Sell Down,2000,28250.0,0.0
PVD,09:53:39,Sell Down,1500,28250.0,0.0
PVD,09:53:39,Sell Down,500,28250.0,-50.0
PVD,09:53:37,Buy Up,500,28300.0,0.0
PVD,09:53:33,Buy Up,200,28300.0,0.0
PVD,09:53:33,Buy Up,100,28300.0,0.0
PVD,09:53:29,Buy Up,700,28300.0,0.0
PVD,09:53:26,Buy Up,1800,28300.0,0.0
PVD,09:53:26,Buy Up,1000,28300.0,0.0
PVD,09:53:26,Buy Up,5000,28300.0,0.0
PVD,09:53:26,Buy Up,2200,28300.0,0.0
PVD,09:52:54,Buy Up,1500,28300.0,0.0
PVD,09:52:52,Buy Up,1000,28300.0,0.0
PVD,09:52:48,Buy Up,300,28300.0,0.0
PVD,09:52:48,Buy Up,400,28300.0,0.0
PVD,09:52:46,Buy Up,500,28300.0,0.0
PVD,09:52:41,Buy Up,1000,28300.0,0.0
PVD,09:52:40,Buy Up,2000,28300.0,0.0
PVD,09:52:31,Buy Up,2600,28300.0,0.0
PVD,09:52:28,Buy Up,800,28300.0,0.0
PVD,09:52:02,Sell Down,200,28300.0,0.0
PVD,09:52:02,Sell Down,500,28300.0,0.0
PVD,09:52:02,Sell Down,800,28300.0,0.0
PVD,09:52:02,Sell Down,1000,28300.0,0.0
PVD,09:52:02,Sell Down,10200,28300.0,0.0
PVD,09:52:00,Sell Down,200,28300.0,0.0
PVD,09:51:56,Sell Down,1000,28300.0,0.0
PVD,09:51:54,Sell Down,3600,28300.0,0.0
PVD,09:51:54,Sell Down,2000,28300.0,0.0
PVD,09:51:54,Sell Down,100,28300.0,0.0
PVD,09:51:54,Sell Down,4300,28300.0,0.0
PVD,09:51:49,Sell Down,700,28300.0,0.0
PVD,09:51:27,Sell Down,500,28300.0,0.0
PVD,09:51:27,Sell Down,200,28300.0,0.0
PVD,09:51:17,Sell Down,100,28300.0,0.0
PVD,09:51:06,Sell Down,700,28300.0,0.0
PVD,09:50:45,Sell Down,300,28300.0,0.0
PVD,09:50:45,Sell Down,400,28300.0,-50.0
PVD,09:50:29,Buy Up,300,28350.0,0.0
PVD,09:50:29,Buy Up,400,28350.0,0.0
PVD,09:50:19,Buy Up,1400,28350.0,0.0
PVD,09:50:19,Buy Up,1000,28350.0,0.0
PVD,09:50:19,Buy Up,2600,28350.0,50.0
PVD,09:50:06,Buy Up,10000,28300.0,0.0
PVD,09:50:06,Buy Up,5900,28300.0,0.0
PVD,09:50:00,Buy Up,500,28300.0,0.0
PVD,09:49:55,Buy Up,800,28300.0,0.0
PVD,09:49:53,Buy Up,200,28300.0,0.0
PVD,09:49:47,Buy Up,2500,28300.0,0.0
PVD,09:49:47,Buy Up,100,28300.0,0.0
PVD,09:49:42,Sell Down,700,28300.0,0.0
PVD,09:49:41,Sell Down,38500,28300.0,0.0
PVD,09:49:41,Sell Down,100,28300.0,0.0
PVD,09:49:41,Sell Down,500,28300.0,0.0
PVD,09:49:41,Sell Down,900,28300.0,-50.0
PVD,09:49:41,Buy Up,600,28350.0,50.0
PVD,09:49:33,Sell Down,1100,28300.0,0.0
PVD,09:49:33,Sell Down,1500,28300.0,0.0
PVD,09:49:33,Sell Down,300,28300.0,0.0
PVD,09:49:33,Sell Down,1000,28300.0,0.0
PVD,09:49:33,Sell Down,1100,28300.0,-50.0
PVD,09:49:26,Buy Up,200,28350.0,50.0
PVD,09:49:21,Sell Down,800,28300.0,-50.0
PVD,09:49:00,Buy Up,1000,28350.0,50.0
PVD,09:49:00,Sell Down,100,28300.0,0.0
PVD,09:49:00,Sell Down,700,28300.0,0.0
PVD,09:48:54,Sell Down,800,28300.0,0.0
PVD,09:48:54,Sell Down,1000,28300.0,0.0
PVD,09:48:54,Sell Down,500,28300.0,0.0
PVD,09:48:54,Sell Down,200,28300.0,0.0
PVD,09:48:54,Sell Down,9000,28300.0,0.0
PVD,09:48:54,Sell Down,1000,28300.0,0.0
PVD,09:48:54,Sell Down,100,28300.0,0.0
PVD,09:48:54,Sell Down,2400,28300.0,0.0
PVD,09:48:45,Sell Down,500,28300.0,0.0
PVD,09:48:39,Sell Down,100,28300.0,0.0
PVD,09:48:39,Sell Down,500,28300.0,0.0
PVD,09:48:39,Sell Down,200,28300.0,0.0
PVD,09:48:28,Sell Down,300,28300.0,0.0
PVD,09:48:28,Sell Down,200,28300.0,0.0
PVD,09:48:18,Sell Down,800,28300.0,0.0
PVD,09:48:09,Sell Down,600,28300.0,0.0
PVD,09:48:09,Sell Down,4500,28300.0,0.0
PVD,09:48:09,Sell Down,100,28300.0,0.0
PVD,09:48:09,Sell Down,5000,28300.0,0.0
PVD,09:48:09,Sell Down,500,28300.0,0.0
PVD,09:48:09,Sell Down,100,28300.0,0.0
PVD,09:48:09,Sell Down,1000,28300.0,0.0
PVD,09:48:09,Sell Down,18200,28300.0,0.0
PVD,09:47:57,Sell Down,900,28300.0,0.0
PVD,09:47:51,Sell Down,900,28300.0,0.0
PVD,09:47:51,Sell Down,5000,28300.0,0.0
PVD,09:47:51,Sell Down,100,28300.0,0.0
PVD,09:47:51,Sell Down,200,28300.0,0.0
PVD,09:47:51,Sell Down,1000,28300.0,0.0
PVD,09:47:51,Sell Down,500,28300.0,0.0
PVD,09:47:51,Sell Down,500,28300.0,0.0
PVD,09:47:51,Sell Down,1000,28300.0,0.0
PVD,09:47:51,Sell Down,10000,28300.0,0.0
PVD,09:47:51,Sell Down,800,28300.0,0.0
PVD,09:47:36,Sell Down,900,28300.0,0.0
PVD,09:47:15,Sell Down,300,28300.0,0.0
PVD,09:47:15,Sell Down,700,28300.0,0.0
PVD,09:46:54,Sell Down,900,28300.0,0.0
PVD,09:46:33,Sell Down,1000,28300.0,0.0
PVD,09:46:12,Sell Down,900,28300.0,-50.0
PVD,09:45:58,Buy Up,100,28350.0,0.0
PVD,09:45:58,Buy Up,400,28350.0,50.0
PVD,09:45:50,Sell Down,1000,28300.0,0.0
PVD,09:45:29,Sell Down,900,28300.0,0.0
PVD,09:45:22,Sell Down,4600,28300.0,0.0
PVD,09:45:22,Sell Down,500,28300.0,0.0
PVD,09:45:22,Sell Down,2000,28300.0,0.0
PVD,09:45:22,Sell Down,100,28300.0,0.0
PVD,09:45:22,Sell Down,600,28300.0,0.0
PVD,09:45:22,Sell Down,200,28300.0,0.0
PVD,09:45:22,Sell Down,5000,28300.0,0.0
PVD,09:45:22,Sell Down,500,28300.0,0.0
PVD,09:45:22,Sell Down,100,28300.0,0.0
PVD,09:45:22,Sell Down,500,28300.0,0.0
PVD,09:45:22,Sell Down,500,28300.0,0.0
PVD,09:45:22,Sell Down,1800,28300.0,0.0
PVD,09:45:10,Sell Down,100,28300.0,0.0
PVD,09:45:08,Sell Down,100,28300.0,0.0
PVD,09:45:08,Sell Down,900,28300.0,0.0
PVD,09:45:02,Sell Down,5000,28300.0,0.0
PVD,09:44:47,Sell Down,900,28300.0,-50.0
PVD,09:44:45,Buy Up,1100,28350.0,0.0
PVD,09:44:45,Buy Up,1900,28350.0,50.0
PVD,09:44:26,Sell Down,1000,28300.0,0.0
PVD,09:44:05,Sell Down,900,28300.0,-50.0
PVD,09:43:56,Buy Up,100,28350.0,0.0
PVD,09:43:56,Buy Up,100,28350.0,0.0
PVD,09:43:56,Buy Up,1400,28350.0,0.0
PVD,09:43:48,Buy Up,3000,28350.0,50.0
PVD,09:43:47,Sell Down,500,28300.0,0.0
PVD,09:43:44,Sell Down,800,28300.0,0.0
PVD,09:43:44,Sell Down,200,28300.0,-50.0
PVD,09:43:42,Buy Up,500,28350.0,0.0
PVD,09:43:36,Buy Up,200,28350.0,50.0
PVD,09:43:23,Sell Down,800,28300.0,0.0
PVD,09:43:23,Sell Down,200,28300.0,-50.0
PVD,09:43:17,Buy Up,600,28350.0,0.0
PVD,09:43:11,Buy Up,300,28350.0,0.0
PVD,09:43:11,Buy Up,100,28350.0,0.0
PVD,09:43:11,Buy Up,200,28350.0,0.0
PVD,09:43:11,Buy Up,800,28350.0,50.0
PVD,09:43:11,Sell Down,1800,28300.0,0.0
PVD,09:43:11,Sell Down,1000,28300.0,0.0
PVD,09:43:11,Sell Down,800,28300.0,0.0
PVD,09:43:11,Sell Down,100,28300.0,0.0
PVD,09:43:11,Sell Down,200,28300.0,0.0
PVD,09:43:11,Sell Down,1000,28300.0,0.0
PVD,09:43:11,Sell Down,100,28300.0,0.0
PVD,09:43:02,Sell Down,900,28300.0,0.0
PVD,09:43:02,Sell Down,100,28300.0,-50.0
PVD,09:41:49,Buy Up,200,28350.0,0.0
PVD,09:41:49,Buy Up,1800,28350.0,0.0
PVD,09:41:01,Buy Up,1200,28350.0,0.0
PVD,09:41:01,Buy Up,1800,28350.0,0.0
PVD,09:40:57,Buy Up,100,28350.0,0.0
PVD,09:40:48,Buy Up,100,28350.0,0.0
PVD,09:40:44,Buy Up,2000,28350.0,0.0
PVD,09:40:44,Buy Up,1000,28350.0,0.0
PVD,09:40:43,Buy Up,1000,28350.0,0.0
PVD,09:40:42,Sell Down,3600,28350.0,0.0
PVD,09:40:42,Sell Down,400,28350.0,0.0
PVD,09:40:41,Sell Down,1000,28350.0,0.0
PVD,09:40:24,Sell Down,1500,28350.0,0.0
PVD,09:40:24,Sell Down,500,28350.0,0.0
PVD,09:40:13,Sell Down,100,28350.0,0.0
PVD,09:40:01,Buy Up,1000,28350.0,0.0
PVD,09:39:52,Buy Up,200,28350.0,0.0
PVD,09:39:52,Buy Up,1000,28350.0,0.0
PVD,09:39:42,Buy Up,2000,28350.0,0.0
PVD,09:39:38,Buy Up,300,28350.0,0.0
PVD,09:39:34,Sell Down,400,28350.0,0.0
PVD,09:39:34,Sell Down,100,28350.0,0.0
PVD,09:39:33,Sell Down,100,28350.0,-50.0
PVD,09:39:23,Buy Up,200,28400.0,50.0
PVD,09:39:08,Sell Down,100,28350.0,0.0
PVD,09:39:08,Sell Down,300,28350.0,0.0
PVD,09:38:50,Sell Down,200,28350.0,0.0
PVD,09:38:50,Sell Down,500,28350.0,0.0
PVD,09:38:50,Sell Down,300,28350.0,0.0
PVD,09:38:40,Sell Down,4700,28350.0,0.0
PVD,09:38:40,Sell Down,2300,28350.0,0.0
PVD,09:38:07,Buy Up,1000,28350.0,0.0
PVD,09:38:07,Buy Up,100,28350.0,0.0
PVD,09:38:07,Buy Up,600,28350.0,0.0
PVD,09:37:48,Sell Down,1000,28350.0,0.0
PVD,09:37:48,Sell Down,2000,28350.0,0.0
PVD,09:37:48,Sell Down,500,28350.0,0.0
PVD,09:37:48,Sell Down,2000,28350.0,0.0
PVD,09:37:48,Sell Down,900,28350.0,0.0
PVD,09:37:07,Buy Up,1100,28350.0,0.0
PVD,09:37:06,Buy Up,300,28350.0,0.0
