ticker,time,orderType,volume,price,prevPriceChange
DPM,11:29:48,Sell Down,500,34350.0,-50.0
DPM,11:29:12,Buy Up,200,34400.0,0.0
DPM,11:29:12,Buy Up,100,34400.0,50.0
DPM,11:29:09,Sell Down,1000,34350.0,0.0
DPM,11:29:06,Sell Down,900,34350.0,0.0
DPM,11:28:58,Sell Down,100,34350.0,0.0
DPM,11:28:55,Sell Down,100,34350.0,0.0
DPM,11:28:48,Sell Down,100,34350.0,0.0
DPM,11:28:29,Sell Down,200,34350.0,0.0
DPM,11:27:24,Sell Down,1000,34350.0,0.0
DPM,11:27:23,Sell Down,200,34350.0,0.0
DPM,11:26:36,Sell Down,1000,34350.0,0.0
DPM,11:26:23,Sell Down,600,34350.0,0.0
DPM,11:26:23,Sell Down,100,34350.0,0.0
DPM,11:26:23,Sell Down,1300,34350.0,0.0
DPM,11:26:02,Sell Down,100,34350.0,0.0
DPM,11:26:01,Sell Down,1000,34350.0,-50.0
DPM,11:25:46,Buy Up,800,34400.0,0.0
DPM,11:25:46,Buy Up,400,34400.0,0.0
DPM,11:25:46,Buy Up,200,34400.0,0.0
DPM,11:25:46,Buy Up,900,34400.0,0.0
DPM,11:25:15,Buy Up,1000,34400.0,50.0
DPM,11:25:03,Sell Down,300,34350.0,-50.0
DPM,11:24:34,Buy Up,100,34400.0,0.0
DPM,11:24:05,Buy Up,300,34400.0,50.0
DPM,11:23:33,Sell Down,1000,34350.0,0.0
DPM,11:22:45,Sell Down,1000,34350.0,-50.0
DPM,11:22:43,Buy Up,200,34400.0,0.0
DPM,11:22:43,Buy Up,100,34400.0,0.0
DPM,11:22:43,Buy Up,100,34400.0,0.0
DPM,11:22:43,Buy Up,600,34400.0,50.0
DPM,11:22:03,Sell Down,300,34350.0,0.0
DPM,11:21:33,Sell Down,100,34350.0,0.0
DPM,11:21:33,Sell Down,100,34350.0,0.0
DPM,11:21:33,Sell Down,100,34350.0,0.0
DPM,11:21:33,Sell Down,100,34350.0,0.0
DPM,11:21:33,Sell Down,100,34350.0,0.0
DPM,11:21:33,Sell Down,100,34350.0,-50.0
DPM,11:19:50,Buy Up,500,34400.0,0.0
DPM,11:19:07,Buy Up,400,34400.0,0.0
DPM,11:18:15,Buy Up,300,34400.0,0.0
DPM,11:18:13,Buy Up,100,34400.0,50.0
DPM,11:18:04,Sell Down,2600,34350.0,0.0
DPM,11:17:44,Sell Down,100,34350.0,0.0
DPM,11:17:42,Sell Down,100,34350.0,0.0
DPM,11:17:20,Sell Down,5000,34350.0,0.0
DPM,11:17:11,Sell Down,100,34350.0,0.0
DPM,11:15:59,Buy Up,100,34350.0,0.0
DPM,11:15:59,Buy Up,1400,34350.0,0.0
DPM,11:15:54,Sell Down,1000,34350.0,0.0
DPM,11:15:54,Sell Down,500,34350.0,0.0
DPM,11:15:54,Sell Down,300,34350.0,0.0
DPM,11:15:54,Sell Down,1800,34350.0,0.0
DPM,11:15:42,Sell Down,700,34350.0,0.0
DPM,11:15:31,Sell Down,500,34350.0,0.0
DPM,11:15:31,Sell Down,1500,34350.0,0.0
DPM,11:15:18,Sell Down,1000,34350.0,-50.0
DPM,11:13:25,Buy Up,100,34400.0,0.0
DPM,11:13:25,Buy Up,100,34400.0,50.0
DPM,11:13:05,Sell Down,200,34350.0,0.0
DPM,11:12:10,Sell Down,500,34350.0,0.0
DPM,11:11:27,Sell Down,300,34350.0,0.0
DPM,11:10:24,Buy Up,16500,34350.0,0.0
DPM,11:10:04,Buy Up,300,34350.0,0.0
DPM,11:09:53,Sell Down,100,34350.0,0.0
DPM,11:09:53,Sell Down,200,34350.0,0.0
DPM,11:09:53,Sell Down,800,34350.0,0.0
DPM,11:09:53,Sell Down,3900,34350.0,0.0
DPM,11:09:53,Sell Down,500,34350.0,0.0
DPM,11:09:53,Sell Down,1000,34350.0,0.0
DPM,11:09:53,Sell Down,8000,34350.0,0.0
DPM,11:09:53,Sell Down,5000,34350.0,0.0
DPM,11:09:53,Sell Down,1000,34350.0,0.0
DPM,11:09:53,Sell Down,6000,34350.0,0.0
DPM,11:09:53,Sell Down,3000,34350.0,0.0
DPM,11:09:53,Sell Down,1000,34350.0,0.0
DPM,11:09:53,Sell Down,2500,34350.0,-50.0
DPM,11:09:53,Sell Down,200,34400.0,0.0
DPM,11:09:48,Sell Down,200,34400.0,50.0
DPM,11:09:29,Sell Down,7500,34350.0,0.0
DPM,11:09:29,Sell Down,300,34350.0,0.0
DPM,11:09:29,Sell Down,5000,34350.0,0.0
DPM,11:09:29,Sell Down,500,34350.0,0.0
DPM,11:09:29,Sell Down,700,34350.0,0.0
DPM,11:09:29,Sell Down,1000,34350.0,0.0
DPM,11:09:29,Sell Down,500,34350.0,0.0
DPM,11:09:29,Sell Down,100,34350.0,0.0
DPM,11:09:29,Sell Down,500,34350.0,0.0
DPM,11:09:29,Sell Down,1000,34350.0,0.0
DPM,11:09:29,Sell Down,1000,34350.0,0.0
DPM,11:09:29,Sell Down,1500,34350.0,0.0
DPM,11:09:29,Sell Down,600,34350.0,0.0
DPM,11:09:29,Sell Down,2000,34350.0,0.0
DPM,11:09:29,Sell Down,1000,34350.0,-50.0
DPM,11:09:29,Sell Down,300,34400.0,0.0
DPM,11:09:29,Sell Down,1900,34400.0,0.0
DPM,11:09:29,Sell Down,5000,34400.0,0.0
DPM,11:09:29,Sell Down,3000,34400.0,0.0
DPM,11:09:29,Sell Down,500,34400.0,0.0
DPM,11:09:29,Sell Down,1300,34400.0,0.0
DPM,11:09:29,Sell Down,100,34400.0,0.0
DPM,11:09:06,Sell Down,100,34400.0,0.0
DPM,11:09:06,Sell Down,900,34400.0,-50.0
DPM,11:08:44,Buy Up,200,34450.0,0.0
DPM,11:08:44,Buy Up,800,34450.0,0.0
DPM,11:07:25,Buy Up,2500,34450.0,50.0
DPM,11:07:02,Sell Down,100,34400.0,0.0
DPM,11:06:39,Sell Down,200,34400.0,0.0
DPM,11:06:34,Sell Down,800,34400.0,0.0
DPM,11:06:34,Sell Down,200,34400.0,0.0
DPM,11:06:09,Sell Down,300,34400.0,0.0
DPM,11:06:03,Buy Up,500,34400.0,0.0
DPM,11:06:02,Buy Up,1000,34400.0,0.0
DPM,11:05:54,Buy Up,400,34400.0,0.0
DPM,11:05:54,Buy Up,1000,34400.0,0.0
DPM,11:05:54,Buy Up,100,34400.0,0.0
DPM,11:05:54,Buy Up,1000,34400.0,0.0
DPM,11:05:54,Buy Up,800,34400.0,0.0
DPM,11:05:54,Buy Up,4900,34400.0,0.0
DPM,11:05:48,Sell Down,600,34400.0,0.0
DPM,11:05:20,Sell Down,9500,34400.0,0.0
DPM,11:05:20,Sell Down,500,34400.0,0.0
DPM,11:04:36,Sell Down,1000,34400.0,0.0
DPM,11:04:28,Sell Down,300,34400.0,0.0
DPM,11:04:28,Sell Down,1000,34400.0,0.0
DPM,11:04:28,Sell Down,2000,34400.0,0.0
DPM,11:04:28,Buy Up,7600,34400.0,0.0
DPM,11:04:16,Buy Up,400,34400.0,0.0
DPM,11:04:09,Buy Up,100,34400.0,0.0
DPM,11:04:09,Buy Up,500,34400.0,0.0
DPM,11:04:09,Buy Up,500,34400.0,0.0
DPM,11:04:09,Buy Up,900,34400.0,0.0
DPM,11:04:02,Buy Up,100,34400.0,0.0
DPM,11:04:02,Buy Up,2000,34400.0,0.0
DPM,11:04:02,Buy Up,300,34400.0,0.0
DPM,11:04:02,Buy Up,200,34400.0,0.0
DPM,11:04:02,Buy Up,2000,34400.0,0.0
DPM,11:04:02,Buy Up,300,34400.0,0.0
DPM,11:04:02,Buy Up,10400,34400.0,0.0
DPM,11:03:58,Buy Up,12200,34400.0,0.0
DPM,11:03:58,Buy Up,200,34400.0,0.0
DPM,11:03:58,Buy Up,1500,34400.0,0.0
DPM,11:03:58,Buy Up,500,34400.0,0.0
DPM,11:03:58,Buy Up,200,34400.0,0.0
DPM,11:03:58,Buy Up,500,34400.0,0.0
DPM,11:03:58,Buy Up,4900,34400.0,0.0
DPM,11:03:50,Buy Up,100,34400.0,0.0
DPM,11:03:50,Buy Up,100,34400.0,0.0
DPM,11:03:50,Buy Up,100,34400.0,0.0
DPM,11:03:50,Buy Up,100,34400.0,0.0
DPM,11:03:34,Buy Up,400,34400.0,0.0
DPM,11:03:26,Buy Up,1700,34400.0,0.0
DPM,11:02:48,Buy Up,200,34400.0,0.0
DPM,11:02:43,Buy Up,1000,34400.0,0.0
DPM,11:02:43,Buy Up,1900,34400.0,0.0
DPM,11:02:43,Buy Up,200,34400.0,0.0
DPM,11:02:43,Buy Up,200,34400.0,0.0
DPM,11:02:43,Buy Up,200,34400.0,0.0
DPM,11:02:43,Buy Up,1500,34400.0,0.0
DPM,11:02:12,Buy Up,100,34400.0,0.0
DPM,11:01:27,Buy Up,400,34400.0,0.0
DPM,11:00:06,Buy Up,3000,34400.0,0.0
DPM,11:00:06,Buy Up,500,34400.0,0.0
DPM,11:00:06,Buy Up,100,34400.0,0.0
DPM,11:00:06,Buy Up,1400,34400.0,0.0
DPM,10:59:27,Buy Up,400,34400.0,0.0
DPM,10:59:27,Buy Up,100,34400.0,0.0
DPM,10:59:04,Buy Up,600,34400.0,0.0
DPM,10:59:04,Buy Up,400,34400.0,0.0
DPM,10:56:18,Buy Up,1600,34400.0,0.0
DPM,10:56:18,Buy Up,1000,34400.0,0.0
DPM,10:56:08,Buy Up,100,34400.0,0.0
DPM,10:56:08,Buy Up,300,34400.0,0.0
DPM,10:55:43,Buy Up,100,34400.0,50.0
DPM,10:54:48,Sell Down,300,34350.0,-50.0
DPM,10:54:28,Buy Up,1600,34400.0,0.0
DPM,10:54:28,Buy Up,1000,34400.0,0.0
DPM,10:54:28,Buy Up,2400,34400.0,0.0
DPM,10:54:25,Buy Up,5000,34400.0,0.0
DPM,10:54:19,Buy Up,1000,34400.0,0.0
DPM,10:53:59,Buy Up,100,34400.0,50.0
DPM,10:53:29,Sell Down,600,34350.0,0.0
DPM,10:50:33,Sell Down,1000,34350.0,0.0
DPM,10:50:25,Sell Down,800,34350.0,0.0
DPM,10:50:25,Sell Down,100,34350.0,0.0
DPM,10:50:22,Sell Down,300,34350.0,0.0
DPM,10:49:46,Sell Down,2000,34350.0,0.0
DPM,10:49:06,Sell Down,500,34350.0,-50.0
DPM,10:48:54,Buy Up,700,34400.0,0.0
DPM,10:46:56,Buy Up,100,34400.0,0.0
DPM,10:46:34,Buy Up,500,34400.0,0.0
DPM,10:46:25,Buy Up,100,34400.0,0.0
DPM,10:46:21,Buy Up,100,34400.0,0.0
DPM,10:46:21,Buy Up,100,34400.0,0.0
DPM,10:44:47,Buy Up,800,34400.0,0.0
DPM,10:43:42,Buy Up,500,34400.0,0.0
DPM,10:42:31,Buy Up,1800,34400.0,0.0
DPM,10:42:31,Buy Up,1000,34400.0,0.0
DPM,10:42:31,Buy Up,200,34400.0,0.0
DPM,10:42:31,Buy Up,500,34400.0,0.0
DPM,10:42:31,Buy Up,100,34400.0,0.0
DPM,10:42:08,Sell Down,200,34400.0,0.0
DPM,10:42:08,Sell Down,300,34400.0,0.0
DPM,10:42:00,Sell Down,1000,34400.0,0.0
DPM,10:41:57,Sell Down,300,34400.0,0.0
DPM,10:41:57,Sell Down,2000,34400.0,0.0
DPM,10:41:57,Sell Down,200,34400.0,0.0
DPM,10:41:57,Sell Down,500,34400.0,0.0
DPM,10:41:41,Sell Down,500,34400.0,0.0
DPM,10:41:41,Sell Down,200,34400.0,0.0
DPM,10:40:57,Sell Down,500,34400.0,0.0
DPM,10:40:47,Sell Down,1300,34400.0,0.0
DPM,10:40:47,Sell Down,400,34400.0,0.0
DPM,10:40:47,Sell Down,3000,34400.0,0.0
DPM,10:40:47,Sell Down,100,34400.0,0.0
DPM,10:40:47,Sell Down,200,34400.0,0.0
DPM,10:40:27,Sell Down,1500,34400.0,-50.0
DPM,10:40:19,Buy Up,100,34450.0,0.0
DPM,10:40:18,Buy Up,100,34450.0,0.0
DPM,10:39:33,Buy Up,200,34450.0,0.0
DPM,10:39:28,Buy Up,900,34450.0,50.0
DPM,10:39:25,Sell Down,1000,34400.0,-50.0
DPM,10:37:25,Buy Up,1000,34450.0,0.0
DPM,10:36:13,Buy Up,1000,34450.0,50.0
DPM,10:35:19,Sell Down,500,34400.0,0.0
DPM,10:35:17,Sell Down,100,34400.0,0.0
DPM,10:35:12,Sell Down,1100,34400.0,0.0
DPM,10:34:47,Sell Down,500,34400.0,-50.0
DPM,10:34:00,Buy Up,4000,34450.0,50.0
DPM,10:33:57,Sell Down,2000,34400.0,-50.0
DPM,10:32:38,Buy Up,400,34450.0,0.0
DPM,10:31:20,Buy Up,1000,34450.0,0.0
DPM,10:30:17,Buy Up,500,34450.0,0.0
DPM,10:29:21,Buy Up,100,34450.0,0.0
DPM,10:29:21,Buy Up,2000,34450.0,0.0
DPM,10:29:21,Buy Up,300,34450.0,0.0
DPM,10:29:21,Buy Up,100,34450.0,0.0
DPM,10:29:21,Buy Up,500,34450.0,0.0
DPM,10:29:17,Buy Up,100,34450.0,50.0
DPM,10:29:10,Sell Down,1000,34400.0,0.0
DPM,10:29:06,Sell Down,1000,34400.0,0.0
DPM,10:29:05,Sell Down,5000,34400.0,-50.0
DPM,10:28:55,Buy Up,100,34450.0,50.0
DPM,10:28:42,Sell Down,500,34400.0,0.0
DPM,10:28:42,Sell Down,100,34400.0,0.0
DPM,10:28:41,Buy Up,400,34400.0,0.0
DPM,10:28:41,Buy Up,100,34400.0,0.0
DPM,10:28:41,Buy Up,500,34400.0,0.0
DPM,10:28:41,Buy Up,2900,34400.0,0.0
DPM,10:28:41,Buy Up,500,34400.0,0.0
DPM,10:28:41,Buy Up,1000,34400.0,0.0
DPM,10:28:41,Buy Up,100,34400.0,0.0
DPM,10:28:21,Buy Up,300,34400.0,0.0
DPM,10:28:16,Buy Up,8500,34400.0,0.0
DPM,10:28:16,Buy Up,600,34400.0,0.0
DPM,10:28:16,Buy Up,500,34400.0,0.0
DPM,10:28:16,Buy Up,100,34400.0,0.0
DPM,10:28:16,Buy Up,300,34400.0,50.0
DPM,10:28:01,Sell Down,400,34350.0,-50.0
DPM,10:27:55,Buy Up,1000,34400.0,0.0
DPM,10:27:17,Buy Up,500,34400.0,0.0
DPM,10:27:17,Buy Up,100,34400.0,0.0
DPM,10:27:17,Buy Up,100,34400.0,0.0
DPM,10:27:17,Buy Up,10000,34400.0,0.0
DPM,10:27:17,Buy Up,500,34400.0,0.0
DPM,10:27:17,Buy Up,400,34400.0,0.0
DPM,10:27:17,Buy Up,500,34400.0,0.0
DPM,10:27:17,Buy Up,100,34400.0,0.0
DPM,10:26:48,Buy Up,300,34400.0,0.0
DPM,10:26:32,Buy Up,100,34400.0,50.0
DPM,10:25:21,Sell Down,200,34350.0,0.0
DPM,10:25:12,Sell Down,1000,34350.0,-50.0
DPM,10:24:52,Buy Up,1400,34400.0,0.0
DPM,10:23:32,Buy Up,400,34400.0,0.0
DPM,10:23:28,Buy Up,6700,34400.0,0.0
DPM,10:23:22,Buy Up,100,34400.0,0.0
DPM,10:22:13,Buy Up,100,34400.0,50.0
DPM,10:22:05,Sell Down,5000,34350.0,0.0
DPM,10:21:36,Sell Down,400,34350.0,0.0
DPM,10:21:21,Sell Down,1600,34350.0,0.0
DPM,10:21:21,Sell Down,300,34350.0,-50.0
DPM,10:20:41,Buy Up,100,34400.0,0.0
DPM,10:20:19,Buy Up,1000,34400.0,0.0
DPM,10:20:19,Buy Up,400,34400.0,0.0
DPM,10:20:19,Buy Up,1000,34400.0,0.0
DPM,10:20:19,Buy Up,200,34400.0,0.0
DPM,10:20:19,Buy Up,200,34400.0,0.0
DPM,10:20:19,Buy Up,1000,34400.0,0.0
DPM,10:20:19,Buy Up,4900,34400.0,50.0
DPM,10:20:13,Sell Down,400,34350.0,-50.0
DPM,10:20:00,Buy Up,100,34400.0,0.0
DPM,10:19:56,Buy Up,100,34400.0,0.0
DPM,10:19:53,Buy Up,100,34400.0,50.0
DPM,10:19:45,Sell Down,100,34350.0,-50.0
DPM,10:18:17,Buy Up,100,34400.0,0.0
DPM,10:18:17,Buy Up,500,34400.0,0.0
DPM,10:18:02,Sell Down,800,34400.0,0.0
DPM,10:18:02,Sell Down,4200,34400.0,0.0
DPM,10:17:43,Sell Down,100,34400.0,0.0
DPM,10:17:31,Sell Down,200,34400.0,0.0
DPM,10:17:30,Sell Down,200,34400.0,0.0
DPM,10:17:26,Buy Up,300,34400.0,0.0
DPM,10:17:24,Sell Down,200,34400.0,0.0
DPM,10:17:19,Sell Down,100,34400.0,0.0
DPM,10:17:14,Sell Down,200,34400.0,0.0
DPM,10:17:12,Buy Up,500,34400.0,0.0
DPM,10:17:09,Buy Up,1000,34400.0,50.0
DPM,10:17:06,Sell Down,100,34350.0,0.0
DPM,10:17:04,Sell Down,100,34350.0,0.0
DPM,10:17:04,Sell Down,100,34350.0,-50.0
DPM,10:17:01,Buy Up,200,34400.0,50.0
DPM,10:16:53,Sell Down,100,34350.0,-50.0
DPM,10:16:40,Buy Up,300,34400.0,0.0
DPM,10:16:40,Buy Up,1000,34400.0,0.0
DPM,10:16:40,Buy Up,200,34400.0,0.0
DPM,10:16:20,Sell Down,100,34400.0,0.0
DPM,10:15:59,Buy Up,300,34400.0,0.0
DPM,10:15:39,Sell Down,300,34400.0,0.0
DPM,10:15:29,Sell Down,1000,34400.0,0.0
DPM,10:15:29,Sell Down,5000,34400.0,0.0
DPM,10:15:29,Sell Down,1000,34400.0,0.0
DPM,10:15:20,Sell Down,100,34400.0,0.0
DPM,10:15:12,Sell Down,800,34400.0,0.0
DPM,10:15:12,Sell Down,100,34400.0,0.0
DPM,10:15:12,Sell Down,100,34400.0,0.0
DPM,10:15:12,Sell Down,200,34400.0,0.0
DPM,10:14:59,Sell Down,700,34400.0,0.0
DPM,10:14:59,Sell Down,300,34400.0,0.0
DPM,10:14:55,Sell Down,3000,34400.0,0.0
DPM,10:14:52,Sell Down,300,34400.0,0.0
DPM,10:14:27,Sell Down,200,34400.0,0.0
DPM,10:14:26,Sell Down,300,34400.0,0.0
DPM,10:14:24,Sell Down,100,34400.0,0.0
DPM,10:14:19,Sell Down,500,34400.0,0.0
DPM,10:14:04,Sell Down,1500,34400.0,0.0
DPM,10:14:02,Sell Down,400,34400.0,0.0
DPM,10:13:59,Sell Down,500,34400.0,0.0
DPM,10:13:46,Sell Down,900,34400.0,0.0
DPM,10:13:12,Sell Down,400,34400.0,0.0
DPM,10:13:08,Sell Down,600,34400.0,0.0
DPM,10:13:04,Sell Down,200,34400.0,-50.0
DPM,10:12:46,Buy Up,300,34450.0,0.0
DPM,10:12:46,Buy Up,200,34450.0,0.0
DPM,10:12:21,Buy Up,100,34450.0,50.0
DPM,10:12:20,Sell Down,500,34400.0,0.0
DPM,10:12:06,Sell Down,200,34400.0,0.0
DPM,10:11:56,Sell Down,200,34400.0,0.0
DPM,10:11:50,Sell Down,1000,34400.0,0.0
DPM,10:11:17,Sell Down,600,34400.0,0.0
DPM,10:11:13,Sell Down,1000,34400.0,-50.0
DPM,10:11:10,Buy Up,500,34450.0,50.0
DPM,10:11:07,Sell Down,3000,34400.0,-50.0
DPM,10:10:22,Buy Up,100,34450.0,0.0
DPM,10:09:47,Buy Up,300,34450.0,0.0
DPM,10:09:47,Buy Up,200,34450.0,0.0
DPM,10:09:47,Buy Up,100,34450.0,0.0
DPM,10:09:47,Buy Up,400,34450.0,0.0
DPM,10:09:47,Buy Up,500,34450.0,50.0
DPM,10:09:22,Buy Up,500,34400.0,0.0
DPM,10:09:22,Buy Up,1200,34400.0,0.0
DPM,10:09:05,Sell Down,600,34400.0,0.0
DPM,10:08:39,Buy Up,200,34400.0,0.0
DPM,10:08:12,Buy Up,500,34400.0,0.0
DPM,10:08:11,Buy Up,100,34400.0,0.0
DPM,10:08:11,Buy Up,100,34400.0,0.0
DPM,10:08:11,Buy Up,200,34400.0,0.0
DPM,10:08:11,Buy Up,100,34400.0,0.0
DPM,10:07:06,Sell Down,400,34400.0,0.0
DPM,10:07:06,Sell Down,300,34400.0,0.0
DPM,10:07:06,Sell Down,200,34400.0,0.0
DPM,10:07:04,Sell Down,100,34400.0,0.0
DPM,10:06:51,Sell Down,200,34400.0,0.0
DPM,10:06:51,Sell Down,200,34400.0,0.0
DPM,10:06:51,Sell Down,4800,34400.0,0.0
DPM,10:06:51,Sell Down,200,34400.0,0.0
DPM,10:06:40,Sell Down,100,34400.0,0.0
DPM,10:06:35,Sell Down,5000,34400.0,0.0
DPM,10:06:32,Sell Down,2000,34400.0,0.0
DPM,10:06:30,Sell Down,1000,34400.0,0.0
DPM,10:06:27,Sell Down,1700,34400.0,0.0
DPM,10:06:27,Sell Down,500,34400.0,0.0
DPM,10:06:27,Sell Down,100,34400.0,0.0
DPM,10:06:27,Sell Down,700,34400.0,0.0
DPM,10:06:03,Sell Down,200,34400.0,-50.0
DPM,10:05:25,Buy Up,500,34450.0,0.0
DPM,10:05:25,Buy Up,200,34450.0,0.0
DPM,10:05:25,Buy Up,1300,34450.0,0.0
DPM,10:04:59,Buy Up,100,34450.0,0.0
DPM,10:04:33,Buy Up,1600,34450.0,0.0
DPM,10:04:33,Buy Up,200,34450.0,0.0
DPM,10:04:33,Buy Up,200,34450.0,0.0
DPM,10:04:33,Buy Up,200,34450.0,0.0
DPM,10:04:33,Buy Up,100,34450.0,0.0
DPM,10:04:33,Buy Up,1000,34450.0,0.0
DPM,10:04:33,Buy Up,1400,34450.0,0.0
DPM,10:04:33,Buy Up,300,34450.0,50.0
DPM,10:04:11,Sell Down,100,34400.0,0.0
DPM,10:04:11,Sell Down,100,34400.0,0.0
DPM,10:04:11,Sell Down,200,34400.0,-50.0
DPM,10:04:10,Buy Up,1500,34450.0,0.0
DPM,10:03:37,Buy Up,100,34450.0,0.0
DPM,10:03:37,Buy Up,500,34450.0,0.0
DPM,10:03:37,Buy Up,600,34450.0,0.0
DPM,10:03:31,Sell Down,500,34450.0,0.0
DPM,10:03:21,Sell Down,1000,34450.0,0.0
DPM,10:03:13,Sell Down,500,34450.0,0.0
DPM,10:03:05,Sell Down,1000,34450.0,0.0
DPM,10:03:05,Sell Down,3000,34450.0,0.0
DPM,10:02:59,Sell Down,500,34450.0,0.0
DPM,10:02:53,Sell Down,2300,34450.0,0.0
DPM,10:02:46,Sell Down,3000,34450.0,0.0
DPM,10:02:36,Sell Down,100,34450.0,0.0
DPM,10:02:31,Sell Down,200,34450.0,0.0
DPM,10:02:28,Sell Down,600,34450.0,0.0
DPM,10:02:18,Sell Down,2400,34450.0,0.0
DPM,10:01:48,Sell Down,400,34450.0,0.0
DPM,10:01:43,Sell Down,200,34450.0,-50.0
DPM,10:01:38,Buy Up,100,34500.0,50.0
DPM,10:01:29,Sell Down,100,34450.0,0.0
DPM,10:01:20,Buy Up,500,34450.0,0.0
DPM,10:01:20,Buy Up,500,34450.0,0.0
DPM,10:01:20,Buy Up,200,34450.0,0.0
DPM,10:01:20,Buy Up,500,34450.0,0.0
DPM,10:01:20,Buy Up,200,34450.0,0.0
DPM,10:01:20,Buy Up,500,34450.0,0.0
DPM,10:01:20,Buy Up,1200,34450.0,50.0
DPM,10:01:09,Sell Down,500,34400.0,0.0
DPM,10:01:09,Sell Down,500,34400.0,0.0
DPM,10:01:04,Sell Down,200,34400.0,0.0
DPM,10:01:04,Sell Down,500,34400.0,0.0
DPM,10:01:04,Sell Down,200,34400.0,0.0
DPM,10:00:40,Sell Down,400,34400.0,0.0
DPM,10:00:31,Sell Down,400,34400.0,0.0
DPM,10:00:31,Sell Down,100,34400.0,-50.0
DPM,10:00:27,Buy Up,500,34450.0,0.0
DPM,09:59:46,Buy Up,100,34450.0,0.0
DPM,09:59:44,Buy Up,100,34450.0,0.0
DPM,09:59:35,Sell Down,100,34450.0,0.0
DPM,09:59:33,Buy Up,300,34450.0,0.0
DPM,09:59:32,Buy Up,900,34450.0,0.0
DPM,09:59:32,Buy Up,100,34450.0,0.0
DPM,09:59:30,Buy Up,400,34450.0,0.0
DPM,09:59:30,Buy Up,200,34450.0,0.0
DPM,09:59:30,Buy Up,100,34450.0,0.0
DPM,09:59:30,Buy Up,300,34450.0,0.0
DPM,09:59:27,Buy Up,1000,34450.0,0.0
DPM,09:59:15,Buy Up,100,34450.0,50.0
DPM,09:59:04,Sell Down,400,34400.0,0.0
DPM,09:59:04,Sell Down,600,34400.0,-50.0
DPM,09:58:58,Buy Up,100,34450.0,0.0
DPM,09:58:54,Buy Up,100,34450.0,50.0
DPM,09:58:34,Sell Down,4400,34400.0,0.0
DPM,09:58:34,Sell Down,100,34400.0,0.0
DPM,09:58:34,Sell Down,300,34400.0,0.0
DPM,09:58:34,Sell Down,1000,34400.0,0.0
DPM,09:58:34,Sell Down,200,34400.0,0.0
DPM,09:58:14,Sell Down,200,34400.0,0.0
DPM,09:58:14,Sell Down,800,34400.0,0.0
DPM,09:58:13,Sell Down,200,34400.0,-50.0
DPM,09:58:10,Buy Up,400,34450.0,50.0
DPM,09:57:44,Sell Down,400,34400.0,0.0
DPM,09:57:44,Sell Down,200,34400.0,-50.0
DPM,09:57:44,Buy Up,900,34450.0,0.0
DPM,09:57:44,Buy Up,100,34450.0,0.0
DPM,09:57:43,Sell Down,1000,34450.0,0.0
DPM,09:57:43,Sell Down,400,34450.0,0.0
DPM,09:57:43,Sell Down,100,34450.0,0.0
DPM,09:57:41,Sell Down,500,34450.0,0.0
DPM,09:57:37,Sell Down,100,34450.0,0.0
DPM,09:57:33,Sell Down,900,34450.0,0.0
DPM,09:57:33,Sell Down,500,34450.0,0.0
DPM,09:57:33,Sell Down,2000,34450.0,0.0
DPM,09:57:30,Sell Down,500,34450.0,0.0
DPM,09:57:28,Sell Down,300,34450.0,0.0
DPM,09:57:22,Sell Down,1000,34450.0,0.0
DPM,09:57:21,Sell Down,800,34450.0,0.0
DPM,09:57:21,Sell Down,4200,34450.0,0.0
DPM,09:57:20,Sell Down,300,34450.0,0.0
DPM,09:56:51,Sell Down,500,34450.0,-50.0
DPM,09:56:38,Buy Up,100,34500.0,0.0
DPM,09:56:21,Buy Up,300,34500.0,0.0
DPM,09:56:09,Buy Up,100,34500.0,0.0
DPM,09:55:46,Sell Down,500,34500.0,0.0
DPM,09:55:46,Sell Down,200,34500.0,0.0
DPM,09:55:44,Sell Down,1000,34500.0,0.0
DPM,09:55:29,Sell Down,800,34500.0,0.0
DPM,09:55:29,Sell Down,1000,34500.0,0.0
DPM,09:55:29,Sell Down,1200,34500.0,0.0
DPM,09:55:29,Sell Down,3800,34500.0,0.0
DPM,09:55:29,Sell Down,800,34500.0,0.0
DPM,09:55:29,Sell Down,400,34500.0,0.0
DPM,09:55:28,Sell Down,100,34500.0,0.0
DPM,09:55:28,Sell Down,300,34500.0,0.0
DPM,09:55:28,Sell Down,1600,34500.0,0.0
DPM,09:55:18,Sell Down,1000,34500.0,0.0
DPM,09:55:14,Sell Down,3000,34500.0,0.0
DPM,09:55:05,Sell Down,5000,34500.0,-50.0
DPM,09:54:52,Buy Up,100,34550.0,50.0
DPM,09:54:52,Sell Down,300,34500.0,0.0
DPM,09:54:22,Sell Down,100,34500.0,0.0
DPM,09:54:09,Sell Down,3000,34500.0,0.0
DPM,09:53:50,Sell Down,300,34500.0,0.0
DPM,09:53:47,Sell Down,1000,34500.0,0.0
DPM,09:53:36,Sell Down,300,34500.0,0.0
DPM,09:53:14,Buy Up,2000,34500.0,0.0
DPM,09:53:14,Buy Up,200,34500.0,0.0
DPM,09:53:14,Buy Up,2000,34500.0,0.0
DPM,09:53:14,Buy Up,200,34500.0,0.0
DPM,09:53:14,Buy Up,500,34500.0,0.0
DPM,09:53:14,Buy Up,5000,34500.0,0.0
DPM,09:53:14,Buy Up,200,34500.0,0.0
DPM,09:53:14,Buy Up,1000,34500.0,0.0
DPM,09:53:14,Buy Up,2000,34500.0,0.0
DPM,09:53:14,Buy Up,200,34500.0,0.0
DPM,09:53:14,Buy Up,10000,34500.0,0.0
DPM,09:53:14,Buy Up,5000,34500.0,0.0
DPM,09:53:14,Buy Up,2000,34500.0,0.0
DPM,09:53:14,Buy Up,1500,34500.0,0.0
DPM,09:53:14,Buy Up,500,34500.0,0.0
DPM,09:53:14,Buy Up,500,34500.0,0.0
DPM,09:53:14,Buy Up,200,34500.0,0.0
DPM,09:53:14,Buy Up,12500,34500.0,0.0
DPM,09:53:14,Buy Up,600,34500.0,0.0
DPM,09:53:14,Buy Up,4000,34500.0,50.0
DPM,09:53:14,Buy Up,500,34450.0,0.0
DPM,09:53:14,Buy Up,500,34450.0,0.0
DPM,09:53:14,Buy Up,300,34450.0,0.0
DPM,09:53:14,Buy Up,5000,34450.0,0.0
DPM,09:53:14,Buy Up,10000,34450.0,0.0
DPM,09:53:14,Buy Up,10000,34450.0,0.0
DPM,09:53:14,Buy Up,200,34450.0,0.0
DPM,09:53:14,Buy Up,300,34450.0,0.0
DPM,09:53:14,Buy Up,100,34450.0,0.0
DPM,09:53:14,Buy Up,800,34450.0,0.0
DPM,09:53:14,Buy Up,100,34450.0,0.0
DPM,09:53:14,Buy Up,300,34450.0,0.0
DPM,09:53:14,Buy Up,6200,34450.0,50.0
DPM,09:53:08,Sell Down,100,34400.0,0.0
DPM,09:53:08,Sell Down,100,34400.0,0.0
DPM,09:53:08,Sell Down,100,34400.0,0.0
DPM,09:53:05,Sell Down,300,34400.0,0.0
DPM,09:53:05,Sell Down,5000,34400.0,0.0
DPM,09:52:59,Sell Down,1600,34400.0,0.0
DPM,09:52:59,Sell Down,100,34400.0,0.0
DPM,09:52:59,Sell Down,300,34400.0,0.0
DPM,09:52:36,Sell Down,200,34400.0,0.0
DPM,09:52:29,Sell Down,500,34400.0,0.0
DPM,09:52:29,Sell Down,500,34400.0,0.0
DPM,09:52:27,Sell Down,500,34400.0,0.0
DPM,09:52:27,Sell Down,1500,34400.0,0.0
DPM,09:52:24,Sell Down,300,34400.0,0.0
DPM,09:52:13,Sell Down,100,34400.0,0.0
DPM,09:52:05,Sell Down,100,34400.0,0.0
DPM,09:52:05,Sell Down,200,34400.0,-50.0
DPM,09:52:04,Buy Up,500,34450.0,50.0
DPM,09:52:00,Sell Down,1000,34400.0,0.0
DPM,09:52:00,Sell Down,100,34400.0,0.0
DPM,09:52:00,Sell Down,500,34400.0,0.0
DPM,09:52:00,Sell Down,400,34400.0,0.0
DPM,09:51:46,Sell Down,100,34400.0,0.0
DPM,09:51:46,Sell Down,100,34400.0,0.0
DPM,09:51:46,Sell Down,800,34400.0,0.0
DPM,09:51:28,Sell Down,200,34400.0,-50.0
DPM,09:51:27,Buy Up,100,34450.0,50.0
DPM,09:51:20,Sell Down,2000,34400.0,-50.0
DPM,09:51:17,Buy Up,600,34450.0,0.0
DPM,09:50:54,Buy Up,100,34450.0,0.0
DPM,09:50:35,Buy Up,300,34450.0,0.0
DPM,09:50:22,Buy Up,900,34450.0,0.0
DPM,09:50:17,Sell Down,500,34450.0,0.0
DPM,09:50:17,Sell Down,800,34450.0,0.0
DPM,09:50:16,Sell Down,1200,34450.0,0.0
DPM,09:50:16,Sell Down,100,34450.0,0.0
DPM,09:50:16,Sell Down,300,34450.0,0.0
DPM,09:50:16,Sell Down,400,34450.0,0.0
DPM,09:50:12,Sell Down,600,34450.0,0.0
DPM,09:50:12,Sell Down,1400,34450.0,0.0
DPM,09:49:55,Sell Down,1000,34450.0,0.0
DPM,09:49:44,Sell Down,300,34450.0,0.0
DPM,09:49:43,Sell Down,300,34450.0,0.0
DPM,09:49:43,Sell Down,700,34450.0,0.0
DPM,09:49:43,Sell Down,300,34450.0,0.0
DPM,09:49:43,Sell Down,100,34450.0,0.0
DPM,09:49:43,Sell Down,500,34450.0,0.0
DPM,09:49:43,Sell Down,200,34450.0,0.0
DPM,09:49:43,Sell Down,500,34450.0,0.0
DPM,09:49:43,Sell Down,100,34450.0,0.0
DPM,09:49:43,Sell Down,300,34450.0,0.0
DPM,09:49:43,Sell Down,500,34450.0,0.0
DPM,09:49:41,Sell Down,100,34450.0,0.0
DPM,09:49:36,Sell Down,1000,34450.0,0.0
DPM,09:49:05,Sell Down,100,34450.0,0.0
DPM,09:49:05,Sell Down,700,34450.0,0.0
DPM,09:48:49,Sell Down,100,34450.0,0.0
DPM,09:48:46,Sell Down,100,34450.0,0.0
DPM,09:48:45,Sell Down,100,34450.0,0.0
DPM,09:48:45,Sell Down,300,34450.0,0.0
DPM,09:48:33,Sell Down,1200,34450.0,0.0
DPM,09:48:33,Sell Down,8800,34450.0,0.0
DPM,09:48:25,Sell Down,100,34450.0,0.0
DPM,09:48:24,Sell Down,100,34450.0,0.0
DPM,09:48:23,Sell Down,200,34450.0,0.0
DPM,09:48:20,Sell Down,200,34450.0,-50.0
DPM,09:47:37,Buy Up,400,34500.0,0.0
DPM,09:47:36,Buy Up,300,34500.0,50.0
DPM,09:47:31,Sell Down,200,34450.0,-50.0
DPM,09:47:31,Buy Up,300,34500.0,0.0
DPM,09:47:18,Buy Up,200,34500.0,0.0
DPM,09:47:18,Buy Up,500,34500.0,0.0
DPM,09:47:18,Buy Up,500,34500.0,0.0
DPM,09:47:18,Buy Up,300,34500.0,0.0
DPM,09:47:18,Buy Up,500,34500.0,0.0
DPM,09:47:12,Buy Up,4400,34500.0,0.0
DPM,09:47:12,Buy Up,200,34500.0,0.0
DPM,09:47:11,Buy Up,300,34500.0,0.0
DPM,09:47:01,Buy Up,3600,34500.0,0.0
DPM,09:47:01,Buy Up,2000,34500.0,0.0
DPM,09:47:01,Buy Up,1000,34500.0,0.0
DPM,09:47:01,Buy Up,800,34500.0,0.0
DPM,09:47:01,Buy Up,1000,34500.0,0.0
DPM,09:47:01,Buy Up,600,34500.0,0.0
DPM,09:47:01,Buy Up,1000,34500.0,50.0
DPM,09:47:01,Sell Down,200,34450.0,-50.0
DPM,09:46:57,Buy Up,100,34500.0,0.0
DPM,09:46:26,Buy Up,1000,34500.0,0.0
DPM,09:45:58,Buy Up,100,34500.0,0.0
DPM,09:45:55,Sell Down,400,34500.0,0.0
DPM,09:45:46,Sell Down,600,34500.0,0.0
DPM,09:45:46,Sell Down,100,34500.0,0.0
DPM,09:45:46,Sell Down,300,34500.0,0.0
DPM,09:45:43,Buy Up,500,34500.0,0.0
DPM,09:45:43,Buy Up,200,34500.0,0.0
DPM,09:45:38,Buy Up,800,34500.0,0.0
DPM,09:45:38,Buy Up,200,34500.0,50.0
DPM,09:45:38,Sell Down,200,34450.0,0.0
DPM,09:45:38,Sell Down,100,34450.0,-50.0
DPM,09:45:32,Buy Up,600,34500.0,0.0
DPM,09:45:14,Buy Up,1000,34500.0,0.0
DPM,09:45:05,Sell Down,3000,34500.0,0.0
DPM,09:45:05,Sell Down,200,34500.0,-50.0
DPM,09:45:01,Buy Up,300,34550.0,0.0
DPM,09:45:01,Buy Up,200,34550.0,50.0
DPM,09:45:00,Sell Down,200,34500.0,0.0
DPM,09:44:50,Sell Down,300,34500.0,0.0
DPM,09:44:50,Sell Down,100,34500.0,0.0
DPM,09:44:39,Sell Down,300,34500.0,0.0
DPM,09:44:39,Sell Down,2200,34500.0,0.0
DPM,09:44:37,Sell Down,300,34500.0,-50.0
DPM,09:44:36,Buy Up,500,34550.0,50.0
DPM,09:44:35,Sell Down,1000,34500.0,0.0
DPM,09:44:19,Sell Down,100,34500.0,0.0
DPM,09:43:55,Sell Down,1400,34500.0,0.0
DPM,09:43:55,Sell Down,800,34500.0,0.0
DPM,09:43:55,Sell Down,4000,34500.0,0.0
DPM,09:43:55,Sell Down,1000,34500.0,0.0
DPM,09:43:55,Sell Down,100,34500.0,0.0
DPM,09:43:55,Sell Down,2000,34500.0,0.0
DPM,09:43:55,Sell Down,100,34500.0,0.0
DPM,09:43:55,Sell Down,200,34500.0,0.0
DPM,09:43:55,Sell Down,50000,34500.0,0.0
DPM,09:43:55,Sell Down,1000,34500.0,0.0
DPM,09:43:55,Sell Down,15000,34500.0,0.0
DPM,09:43:55,Sell Down,15400,34500.0,0.0
DPM,09:43:55,Sell Down,1000,34500.0,0.0
DPM,09:43:55,Sell Down,8000,34500.0,-50.0
DPM,09:43:45,Sell Down,300,34550.0,0.0
DPM,09:43:43,Sell Down,200,34550.0,0.0
DPM,09:43:43,Sell Down,300,34550.0,0.0
DPM,09:43:42,Sell Down,500,34550.0,0.0
DPM,09:43:42,Sell Down,1700,34550.0,0.0
DPM,09:43:42,Sell Down,2800,34550.0,0.0
DPM,09:43:23,Sell Down,3200,34550.0,0.0
DPM,09:43:23,Sell Down,100,34550.0,0.0
DPM,09:43:23,Sell Down,1700,34550.0,0.0
DPM,09:43:23,Sell Down,10000,34550.0,0.0
DPM,09:43:23,Sell Down,600,34550.0,0.0
DPM,09:43:23,Sell Down,5000,34550.0,0.0
DPM,09:43:23,Sell Down,1000,34550.0,0.0
DPM,09:43:23,Sell Down,500,34550.0,0.0
DPM,09:43:23,Sell Down,1500,34550.0,0.0
DPM,09:43:23,Sell Down,200,34550.0,0.0
DPM,09:43:23,Sell Down,1200,34550.0,0.0
DPM,09:42:45,Sell Down,100,34550.0,-50.0
DPM,09:42:38,Buy Up,500,34600.0,0.0
DPM,09:42:37,Buy Up,200,34600.0,50.0
DPM,09:42:35,Sell Down,300,34550.0,-50.0
DPM,09:42:15,Buy Up,200,34600.0,50.0
DPM,09:42:09,Sell Down,400,34550.0,0.0
DPM,09:42:04,Sell Down,100,34550.0,0.0
DPM,09:42:02,Sell Down,1000,34550.0,0.0
DPM,09:42:00,Sell Down,100,34550.0,0.0
DPM,09:41:51,Sell Down,100,34550.0,0.0
DPM,09:41:39,Sell Down,100,34550.0,0.0
DPM,09:41:33,Buy Up,1600,34550.0,0.0
DPM,09:41:30,Sell Down,3400,34550.0,0.0
DPM,09:41:29,Sell Down,600,34550.0,0.0
DPM,09:41:27,Buy Up,1000,34550.0,-50.0
DPM,09:41:17,Buy Up,4500,34600.0,0.0
DPM,09:41:17,Buy Up,100,34600.0,0.0
DPM,09:41:17,Buy Up,1000,34600.0,0.0
DPM,09:41:17,Buy Up,200,34600.0,0.0
DPM,09:41:17,Buy Up,1000,34600.0,0.0
DPM,09:41:17,Buy Up,500,34600.0,0.0
DPM,09:41:17,Buy Up,6000,34600.0,0.0
DPM,09:41:17,Buy Up,100,34600.0,0.0
DPM,09:41:17,Buy Up,200,34600.0,0.0
DPM,09:41:17,Buy Up,1000,34600.0,0.0
DPM,09:41:17,Buy Up,100,34600.0,0.0
DPM,09:41:17,Buy Up,500,34600.0,50.0
DPM,09:41:17,Buy Up,1000,34550.0,0.0
DPM,09:41:17,Buy Up,100,34550.0,0.0
DPM,09:41:17,Buy Up,500,34550.0,0.0
DPM,09:41:17,Buy Up,500,34550.0,0.0
DPM,09:41:17,Buy Up,1000,34550.0,0.0
DPM,09:41:17,Buy Up,100,34550.0,0.0
DPM,09:41:17,Buy Up,1600,34550.0,0.0
DPM,09:41:10,Buy Up,500,34550.0,0.0
DPM,09:40:56,Buy Up,500,34550.0,50.0
DPM,09:40:53,Sell Down,100,34500.0,-50.0
DPM,09:40:50,Sell Down,500,34550.0,0.0
DPM,09:40:50,Sell Down,400,34550.0,0.0
DPM,09:40:50,Sell Down,3000,34550.0,0.0
DPM,09:40:50,Sell Down,200,34550.0,0.0
DPM,09:40:50,Sell Down,2300,34550.0,0.0
DPM,09:40:44,Sell Down,2000,34550.0,0.0
DPM,09:40:40,Sell Down,700,34550.0,0.0
DPM,09:40:22,Sell Down,1000,34550.0,0.0
DPM,09:40:19,Sell Down,100,34550.0,0.0
DPM,09:40:16,Sell Down,100,34550.0,0.0
DPM,09:40:16,Sell Down,5000,34550.0,0.0
DPM,09:40:16,Sell Down,500,34550.0,0.0
DPM,09:40:16,Sell Down,100,34550.0,0.0
DPM,09:40:16,Sell Down,2100,34550.0,0.0
DPM,09:40:13,Buy Up,500,34550.0,0.0
DPM,09:40:09,Buy Up,2400,34550.0,0.0
DPM,09:40:09,Buy Up,500,34550.0,0.0
DPM,09:40:09,Buy Up,1000,34550.0,0.0
DPM,09:40:09,Buy Up,100,34550.0,50.0
DPM,09:40:08,Sell Down,1000,34500.0,-50.0
DPM,09:40:06,Buy Up,200,34550.0,50.0
DPM,09:40:03,Sell Down,900,34500.0,0.0
DPM,09:40:03,Sell Down,100,34500.0,0.0
DPM,09:39:57,Sell Down,300,34500.0,-50.0
DPM,09:39:55,Sell Down,700,34550.0,0.0
DPM,09:39:53,Buy Up,5000,34550.0,0.0
DPM,09:39:53,Buy Up,100,34550.0,0.0
DPM,09:39:53,Buy Up,100,34550.0,0.0
DPM,09:39:53,Buy Up,100,34550.0,0.0
DPM,09:39:53,Buy Up,24000,34550.0,0.0
DPM,09:39:52,Buy Up,1000,34550.0,0.0
DPM,09:39:37,Buy Up,5000,34550.0,0.0
DPM,09:39:34,Sell Down,100,34550.0,0.0
DPM,09:39:34,Sell Down,2000,34550.0,0.0
DPM,09:39:34,Sell Down,400,34550.0,0.0
DPM,09:39:32,Sell Down,200,34550.0,0.0
DPM,09:39:32,Sell Down,400,34550.0,0.0
DPM,09:39:32,Sell Down,600,34550.0,-50.0
DPM,09:39:31,Buy Up,100,34600.0,50.0
DPM,09:39:24,Sell Down,1400,34550.0,0.0
DPM,09:39:24,Sell Down,100,34550.0,0.0
DPM,09:39:24,Sell Down,100,34550.0,0.0
DPM,09:39:24,Sell Down,100,34550.0,0.0
DPM,09:39:24,Sell Down,100,34550.0,0.0
DPM,09:39:24,Sell Down,500,34550.0,0.0
DPM,09:39:24,Sell Down,100,34550.0,0.0
DPM,09:39:24,Sell Down,500,34550.0,0.0
DPM,09:39:24,Sell Down,1500,34550.0,0.0
DPM,09:39:24,Sell Down,600,34550.0,-50.0
DPM,09:39:22,Buy Up,2400,34600.0,0.0
DPM,09:39:22,Buy Up,2000,34600.0,0.0
DPM,09:39:22,Buy Up,200,34600.0,0.0
DPM,09:39:22,Buy Up,5000,34600.0,0.0
DPM,09:39:22,Buy Up,300,34600.0,0.0
DPM,09:39:22,Buy Up,10000,34600.0,0.0
DPM,09:39:22,Buy Up,100,34600.0,0.0
DPM,09:38:59,Buy Up,600,34600.0,0.0
DPM,09:38:59,Buy Up,400,34600.0,0.0
DPM,09:38:58,Buy Up,300,34600.0,0.0
DPM,09:38:58,Buy Up,100,34600.0,0.0
DPM,09:38:58,Buy Up,1000,34600.0,0.0
DPM,09:38:58,Buy Up,100,34600.0,0.0
DPM,09:38:58,Buy Up,300,34600.0,0.0
DPM,09:38:58,Buy Up,500,34600.0,0.0
DPM,09:38:58,Buy Up,500,34600.0,0.0
DPM,09:38:57,Buy Up,400,34600.0,0.0
DPM,09:38:57,Buy Up,100,34600.0,0.0
DPM,09:38:57,Buy Up,2900,34600.0,0.0
DPM,09:38:51,Buy Up,300,34600.0,50.0
DPM,09:38:48,Sell Down,2400,34550.0,0.0
DPM,09:38:48,Sell Down,5100,34550.0,-50.0
DPM,09:38:46,Buy Up,1300,34600.0,0.0
DPM,09:38:46,Buy Up,1700,34600.0,50.0
DPM,09:38:44,Sell Down,2000,34550.0,-50.0
DPM,09:38:44,Buy Up,3000,34600.0,50.0
DPM,09:38:44,Sell Down,4300,34550.0,-50.0
DPM,09:38:44,Buy Up,3000,34600.0,0.0
DPM,09:38:43,Buy Up,100,34600.0,0.0
DPM,09:38:38,Buy Up,200,34600.0,0.0
DPM,09:38:33,Buy Up,2000,34600.0,0.0
DPM,09:38:28,Buy Up,400,34600.0,0.0
DPM,09:38:28,Buy Up,600,34600.0,0.0
DPM,09:38:28,Buy Up,300,34600.0,0.0
DPM,09:38:28,Buy Up,100,34600.0,-50.0
DPM,09:38:21,Buy Up,100,34650.0,50.0
DPM,09:38:20,Sell Down,100,34600.0,50.0
DPM,09:38:19,Sell Down,5000,34550.0,-100.0
DPM,09:38:17,Buy Up,100,34650.0,0.0
DPM,09:38:17,Buy Up,300,34650.0,50.0
DPM,09:38:17,Buy Up,100,34600.0,0.0
DPM,09:38:17,Buy Up,100,34600.0,0.0
DPM,09:38:17,Buy Up,800,34600.0,0.0
DPM,09:38:17,Buy Up,100,34600.0,0.0
DPM,09:38:17,Buy Up,100,34600.0,0.0
DPM,09:38:16,Buy Up,900,34600.0,0.0
DPM,09:38:16,Buy Up,100,34600.0,0.0
DPM,09:38:15,Buy Up,100,34600.0,0.0
DPM,09:38:15,Buy Up,400,34600.0,0.0
DPM,09:38:11,Buy Up,100,34600.0,0.0
DPM,09:38:11,Buy Up,100,34600.0,0.0
DPM,09:38:11,Buy Up,300,34600.0,0.0
DPM,09:38:09,Buy Up,700,34600.0,0.0
DPM,09:38:09,Buy Up,100,34600.0,0.0
DPM,09:38:09,Buy Up,300,34600.0,0.0
DPM,09:38:09,Buy Up,200,34600.0,0.0
DPM,09:38:03,Buy Up,800,34600.0,0.0
DPM,09:38:03,Buy Up,200,34600.0,0.0
DPM,09:37:57,Buy Up,1000,34600.0,0.0
DPM,09:37:56,Buy Up,2200,34600.0,0.0
DPM,09:37:56,Buy Up,800,34600.0,0.0
DPM,09:37:55,Buy Up,200,34600.0,0.0
DPM,09:37:55,Buy Up,100,34600.0,0.0
DPM,09:37:55,Buy Up,200,34600.0,0.0
DPM,09:37:55,Buy Up,100,34600.0,0.0
DPM,09:37:55,Buy Up,3400,34600.0,50.0
DPM,09:37:49,Sell Down,200,34550.0,-50.0
DPM,09:37:46,Buy Up,500,34600.0,0.0
DPM,09:37:44,Buy Up,1100,34600.0,0.0
DPM,09:37:44,Buy Up,1000,34600.0,0.0
DPM,09:37:44,Buy Up,100,34600.0,0.0
DPM,09:37:44,Buy Up,1000,34600.0,0.0
DPM,09:37:44,Buy Up,600,34600.0,0.0
DPM,09:37:44,Buy Up,100,34600.0,0.0
DPM,09:37:44,Buy Up,300,34600.0,0.0
DPM,09:37:44,Buy Up,300,34600.0,0.0
DPM,09:37:44,Buy Up,100,34600.0,0.0
DPM,09:37:39,Buy Up,100,34600.0,0.0
DPM,09:37:39,Buy Up,1000,34600.0,0.0
DPM,09:37:35,Buy Up,900,34600.0,0.0
DPM,09:37:35,Buy Up,200,34600.0,0.0
DPM,09:37:35,Buy Up,100,34600.0,0.0
DPM,09:37:35,Buy Up,500,34600.0,0.0
DPM,09:37:35,Buy Up,1000,34600.0,0.0
DPM,09:37:35,Buy Up,100,34600.0,0.0
DPM,09:37:35,Buy Up,100,34600.0,0.0
DPM,09:37:35,Buy Up,500,34600.0,0.0
DPM,09:37:35,Buy Up,1000,34600.0,0.0
DPM,09:37:35,Buy Up,5000,34600.0,0.0
DPM,09:37:35,Buy Up,300,34600.0,0.0
DPM,09:37:35,Buy Up,100,34600.0,0.0
DPM,09:37:35,Buy Up,200,34600.0,0.0
DPM,09:37:29,Buy Up,200,34600.0,50.0
DPM,09:37:23,Sell Down,100,34550.0,0.0
DPM,09:37:23,Sell Down,2000,34550.0,0.0
DPM,09:37:18,Buy Up,100,34550.0,0.0
DPM,09:37:18,Buy Up,300,34550.0,0.0
DPM,09:37:18,Buy Up,900,34550.0,0.0
DPM,09:37:17,Buy Up,500,34550.0,0.0
DPM,09:37:17,Buy Up,1100,34550.0,0.0
DPM,09:37:17,Buy Up,3400,34550.0,0.0
DPM,09:37:16,Buy Up,200,34550.0,0.0
DPM,09:37:12,Buy Up,600,34550.0,0.0
DPM,09:37:12,Buy Up,800,34550.0,0.0
DPM,09:37:12,Buy Up,100,34550.0,0.0
DPM,09:37:12,Buy Up,500,34550.0,0.0
DPM,09:37:12,Buy Up,100,34550.0,0.0
DPM,09:37:12,Buy Up,3000,34550.0,0.0
DPM,09:37:07,Buy Up,100,34550.0,0.0
DPM,09:37:07,Buy Up,700,34550.0,50.0
DPM,09:37:06,Sell Down,1000,34500.0,-50.0
DPM,09:37:04,Buy Up,1000,34550.0,0.0
DPM,09:37:02,Buy Up,100,34550.0,50.0
DPM,09:37:01,Sell Down,1900,34500.0,0.0
DPM,09:37:01,Sell Down,2000,34500.0,-50.0
DPM,09:36:58,Buy Up,100,34550.0,50.0
DPM,09:36:56,Buy Up,100,34500.0,0.0
DPM,09:36:56,Buy Up,500,34500.0,0.0
DPM,09:36:56,Buy Up,600,34500.0,0.0
DPM,09:36:56,Buy Up,500,34500.0,0.0
DPM,09:36:56,Buy Up,1500,34500.0,0.0
DPM,09:36:56,Buy Up,100,34500.0,0.0
DPM,09:36:56,Buy Up,1000,34500.0,0.0
DPM,09:36:56,Buy Up,200,34500.0,0.0
DPM,09:36:56,Buy Up,100,34500.0,0.0
DPM,09:36:56,Buy Up,100,34500.0,0.0
DPM,09:36:55,Buy Up,500,34500.0,0.0
DPM,09:36:54,Buy Up,400,34500.0,0.0
DPM,09:36:54,Buy Up,1000,34500.0,0.0
DPM,09:36:54,Buy Up,2000,34500.0,0.0
DPM,09:36:54,Buy Up,100,34500.0,0.0
DPM,09:36:54,Buy Up,100,34500.0,0.0
DPM,09:36:54,Buy Up,100,34500.0,0.0
DPM,09:36:54,Buy Up,2000,34500.0,0.0
DPM,09:36:54,Buy Up,1200,34500.0,0.0
DPM,09:36:54,Buy Up,100,34500.0,0.0
DPM,09:36:54,Buy Up,100,34500.0,0.0
DPM,09:36:54,Buy Up,100,34500.0,0.0
DPM,09:36:54,Buy Up,100,34500.0,0.0
DPM,09:36:54,Buy Up,100,34500.0,0.0
DPM,09:36:54,Buy Up,100,34500.0,0.0
DPM,09:36:54,Buy Up,100,34500.0,0.0
DPM,09:36:54,Buy Up,500,34500.0,0.0
DPM,09:36:54,Buy Up,1000,34500.0,0.0
DPM,09:36:54,Buy Up,900,34500.0,0.0
DPM,09:36:53,Buy Up,100,34500.0,0.0
DPM,09:36:53,Buy Up,300,34500.0,0.0
DPM,09:36:53,Buy Up,700,34500.0,0.0
DPM,09:36:53,Buy Up,1000,34500.0,0.0
DPM,09:36:52,Buy Up,2300,34500.0,0.0
DPM,09:36:52,Buy Up,2700,34500.0,0.0
DPM,09:36:52,Buy Up,500,34500.0,0.0
DPM,09:36:51,Buy Up,600,34500.0,0.0
DPM,09:36:51,Buy Up,6200,34500.0,0.0
DPM,09:36:51,Buy Up,100,34500.0,0.0
DPM,09:36:51,Buy Up,1500,34500.0,0.0
DPM,09:36:51,Buy Up,500,34500.0,0.0
DPM,09:36:51,Buy Up,11700,34500.0,0.0
DPM,09:36:49,Buy Up,8300,34500.0,0.0
DPM,09:36:49,Buy Up,300,34500.0,0.0
DPM,09:36:49,Buy Up,300,34500.0,0.0
DPM,09:36:49,Buy Up,100,34500.0,0.0
DPM,09:36:49,Buy Up,1000,34500.0,0.0
DPM,09:36:49,Buy Up,2000,34500.0,0.0
DPM,09:36:49,Buy Up,400,34500.0,0.0
DPM,09:36:49,Buy Up,100,34500.0,0.0
DPM,09:36:49,Buy Up,100,34500.0,0.0
DPM,09:36:49,Buy Up,2000,34500.0,0.0
DPM,09:36:49,Buy Up,2000,34500.0,0.0
DPM,09:36:49,Buy Up,400,34500.0,0.0
DPM,09:36:49,Buy Up,500,34500.0,0.0
DPM,09:36:49,Buy Up,300,34500.0,0.0
DPM,09:36:49,Buy Up,300,34500.0,0.0
DPM,09:36:49,Buy Up,600,34500.0,0.0
DPM,09:36:49,Buy Up,200,34500.0,0.0
DPM,09:36:49,Buy Up,1000,34500.0,0.0
DPM,09:36:49,Buy Up,300,34500.0,0.0
DPM,09:36:49,Buy Up,500,34500.0,0.0
DPM,09:36:49,Buy Up,1000,34500.0,0.0
DPM,09:36:49,Buy Up,1000,34500.0,0.0
DPM,09:36:49,Buy Up,200,34500.0,0.0
DPM,09:36:49,Buy Up,500,34500.0,0.0
DPM,09:36:49,Buy Up,3000,34500.0,0.0
DPM,09:36:49,Buy Up,33600,34500.0,0.0
DPM,09:36:49,Buy Up,3000,34500.0,0.0
DPM,09:36:48,Buy Up,1000,34500.0,0.0
DPM,09:36:47,Buy Up,12400,34500.0,0.0
DPM,09:36:47,Buy Up,2000,34500.0,0.0
DPM,09:36:47,Buy Up,500,34500.0,0.0
DPM,09:36:47,Buy Up,500,34500.0,0.0
DPM,09:36:47,Buy Up,500,34500.0,0.0
DPM,09:36:47,Buy Up,1000,34500.0,0.0
DPM,09:36:47,Buy Up,1000,34500.0,0.0
DPM,09:36:47,Buy Up,500,34500.0,0.0
DPM,09:36:47,Buy Up,1000,34500.0,0.0
DPM,09:36:47,Buy Up,100,34500.0,0.0
DPM,09:36:47,Buy Up,500,34500.0,0.0
DPM,09:36:47,Buy Up,1000,34500.0,0.0
DPM,09:36:47,Buy Up,2000,34500.0,0.0
DPM,09:36:47,Buy Up,500,34500.0,0.0
DPM,09:36:47,Buy Up,200,34500.0,0.0
DPM,09:36:47,Buy Up,100,34500.0,0.0
DPM,09:36:47,Buy Up,1200,34500.0,0.0
DPM,09:36:46,Buy Up,300,34500.0,0.0
DPM,09:36:45,Buy Up,500,34500.0,0.0
DPM,09:36:45,Buy Up,500,34500.0,0.0
DPM,09:36:42,Buy Up,100,34500.0,0.0
DPM,09:36:40,Buy Up,200,34500.0,0.0
DPM,09:36:40,Buy Up,100,34500.0,0.0
DPM,09:36:40,Buy Up,800,34500.0,50.0
DPM,09:36:40,Sell Down,100,34450.0,-50.0
DPM,09:36:40,Buy Up,800,34500.0,0.0
DPM,09:36:40,Buy Up,200,34500.0,0.0
DPM,09:36:40,Buy Up,100,34500.0,0.0
DPM,09:36:40,Buy Up,500,34500.0,0.0
DPM,09:36:37,Buy Up,100,34500.0,0.0
DPM,09:36:36,Buy Up,500,34500.0,0.0
DPM,09:36:33,Buy Up,900,34500.0,0.0
DPM,09:36:33,Buy Up,800,34500.0,0.0
DPM,09:36:33,Buy Up,300,34500.0,0.0
DPM,09:36:33,Buy Up,2000,34500.0,0.0
DPM,09:36:33,Buy Up,500,34500.0,0.0
DPM,09:36:33,Buy Up,500,34500.0,0.0
DPM,09:36:33,Buy Up,200,34500.0,0.0
DPM,09:36:33,Buy Up,1000,34500.0,0.0
DPM,09:36:33,Buy Up,100,34500.0,0.0
DPM,09:36:33,Buy Up,18700,34500.0,0.0
DPM,09:36:31,Buy Up,200,34500.0,50.0
DPM,09:36:29,Sell Down,1000,34450.0,-50.0
DPM,09:36:29,Buy Up,2000,34500.0,0.0
DPM,09:36:27,Buy Up,600,34500.0,0.0
DPM,09:36:26,Buy Up,400,34500.0,0.0
