ticker,time,orderType,volume,price,prevPriceChange
SSI,10:25:30,Buy Up,300,33850.0,0.0
SSI,10:25:28,Buy Up,300,33850.0,0.0
SSI,10:25:28,Buy Up,1300,33850.0,50.0
SSI,10:25:26,Sell Down,400,33800.0,0.0
SSI,10:25:25,Sell Down,1700,33800.0,0.0
SSI,10:25:12,Sell Down,1100,33800.0,0.0
SSI,10:25:06,Sell Down,2600,33800.0,-50.0
SSI,10:25:00,Buy Up,200,33850.0,0.0
SSI,10:25:00,Buy Up,300,33850.0,0.0
SSI,10:24:57,Buy Up,500,33850.0,50.0
SSI,10:24:45,Sell Down,900,33800.0,0.0
SSI,10:24:43,Sell Down,100,33800.0,-50.0
SSI,10:24:36,Buy Up,1000,33850.0,0.0
SSI,10:24:34,Buy Up,1500,33850.0,50.0
SSI,10:24:30,Sell Down,1200,33800.0,-50.0
SSI,10:24:28,Buy Up,1000,33850.0,0.0
SSI,10:24:20,Buy Up,200,33850.0,50.0
SSI,10:24:16,Sell Down,100,33800.0,0.0
SSI,10:24:16,Sell Down,200,33800.0,0.0
SSI,10:24:16,Sell Down,200,33800.0,-50.0
SSI,10:24:07,Buy Up,2900,33850.0,0.0
SSI,10:24:06,Buy Up,1000,33850.0,0.0
SSI,10:24:06,Buy Up,6000,33850.0,0.0
SSI,10:23:59,Sell Down,3600,33850.0,0.0
SSI,10:23:59,Sell Down,1000,33850.0,0.0
SSI,10:23:59,Sell Down,100,33850.0,0.0
SSI,10:23:59,Sell Down,30900,33850.0,0.0
SSI,10:23:57,Sell Down,100,33850.0,0.0
SSI,10:23:55,Sell Down,1000,33850.0,0.0
SSI,10:23:52,Sell Down,3000,33850.0,0.0
SSI,10:23:48,Sell Down,3000,33850.0,0.0
SSI,10:23:47,Sell Down,1200,33850.0,0.0
SSI,10:23:46,Sell Down,2000,33850.0,0.0
SSI,10:23:46,Sell Down,500,33850.0,0.0
SSI,10:23:45,Sell Down,8300,33850.0,0.0
SSI,10:23:45,Sell Down,2000,33850.0,0.0
SSI,10:23:45,Sell Down,5000,33850.0,0.0
SSI,10:23:45,Sell Down,1600,33850.0,0.0
SSI,10:23:45,Sell Down,200,33850.0,0.0
SSI,10:23:45,Sell Down,32900,33850.0,0.0
SSI,10:23:40,Sell Down,1000,33850.0,0.0
SSI,10:23:40,Sell Down,1000,33850.0,0.0
SSI,10:23:37,Sell Down,4600,33850.0,0.0
SSI,10:23:37,Sell Down,1000,33850.0,0.0
SSI,10:23:36,Sell Down,9500,33850.0,0.0
SSI,10:23:36,Sell Down,500,33850.0,0.0
SSI,10:23:34,Sell Down,1000,33850.0,0.0
SSI,10:23:32,Sell Down,500,33850.0,0.0
SSI,10:23:27,Sell Down,300,33850.0,0.0
SSI,10:23:26,Sell Down,100,33850.0,0.0
SSI,10:23:24,Sell Down,100,33850.0,0.0
SSI,10:23:23,Sell Down,2500,33850.0,0.0
SSI,10:23:23,Sell Down,2500,33850.0,0.0
SSI,10:23:23,Sell Down,400,33850.0,0.0
SSI,10:23:19,Sell Down,2800,33850.0,0.0
SSI,10:23:16,Sell Down,100,33850.0,0.0
SSI,10:23:16,Sell Down,100,33850.0,0.0
SSI,10:23:16,Sell Down,100,33850.0,0.0
SSI,10:23:14,Sell Down,200,33850.0,0.0
SSI,10:23:14,Sell Down,200,33850.0,0.0
SSI,10:23:14,Sell Down,600,33850.0,0.0
SSI,10:23:13,Sell Down,100,33850.0,0.0
SSI,10:23:13,Sell Down,400,33850.0,0.0
SSI,10:23:11,Sell Down,2000,33850.0,0.0
SSI,10:23:11,Sell Down,300,33850.0,0.0
SSI,10:23:11,Sell Down,100,33850.0,0.0
SSI,10:23:09,Sell Down,1500,33850.0,0.0
SSI,10:23:09,Sell Down,1500,33850.0,0.0
SSI,10:23:09,Sell Down,1000,33850.0,0.0
SSI,10:23:08,Sell Down,1000,33850.0,0.0
SSI,10:23:05,Sell Down,500,33850.0,0.0
SSI,10:23:01,Sell Down,1000,33850.0,0.0
SSI,10:23:01,Sell Down,200,33850.0,0.0
SSI,10:22:58,Sell Down,300,33850.0,0.0
SSI,10:22:58,Sell Down,1900,33850.0,0.0
SSI,10:22:58,Sell Down,5000,33850.0,0.0
SSI,10:22:58,Sell Down,2000,33850.0,0.0
SSI,10:22:58,Sell Down,800,33850.0,0.0
SSI,10:22:55,Sell Down,400,33850.0,0.0
SSI,10:22:52,Sell Down,400,33850.0,0.0
SSI,10:22:52,Sell Down,1000,33850.0,0.0
SSI,10:22:47,Sell Down,100,33850.0,0.0
SSI,10:22:46,Buy Up,500,33850.0,0.0
SSI,10:22:46,Buy Up,1000,33850.0,0.0
SSI,10:22:46,Buy Up,100,33850.0,0.0
SSI,10:22:46,Buy Up,700,33850.0,0.0
SSI,10:22:33,Sell Down,500,33850.0,0.0
SSI,10:22:33,Sell Down,800,33850.0,0.0
SSI,10:22:30,Sell Down,1000,33850.0,0.0
SSI,10:22:29,Sell Down,900,33850.0,0.0
SSI,10:22:27,Sell Down,3000,33850.0,0.0
SSI,10:22:27,Sell Down,200,33850.0,0.0
SSI,10:22:27,Sell Down,200,33850.0,0.0
SSI,10:22:18,Sell Down,1500,33850.0,0.0
SSI,10:22:17,Sell Down,1200,33850.0,0.0
SSI,10:22:17,Sell Down,3000,33850.0,0.0
SSI,10:22:17,Sell Down,100,33850.0,0.0
SSI,10:22:17,Buy Up,300,33850.0,0.0
SSI,10:22:17,Buy Up,500,33850.0,0.0
SSI,10:22:17,Buy Up,1000,33850.0,0.0
SSI,10:22:17,Buy Up,200,33850.0,0.0
SSI,10:22:17,Buy Up,5000,33850.0,0.0
SSI,10:22:17,Buy Up,300,33850.0,0.0
SSI,10:22:17,Buy Up,100,33850.0,0.0
SSI,10:22:17,Buy Up,1000,33850.0,0.0
SSI,10:22:17,Buy Up,3000,33850.0,0.0
SSI,10:22:17,Buy Up,100,33850.0,0.0
SSI,10:22:17,Buy Up,2400,33850.0,0.0
SSI,10:22:17,Buy Up,1000,33850.0,0.0
SSI,10:22:17,Buy Up,200,33850.0,0.0
SSI,10:22:17,Buy Up,1000,33850.0,0.0
SSI,10:22:17,Buy Up,5000,33850.0,0.0
SSI,10:22:17,Buy Up,1300,33850.0,0.0
SSI,10:22:17,Buy Up,900,33850.0,0.0
SSI,10:22:17,Buy Up,6000,33850.0,0.0
SSI,10:22:17,Buy Up,5000,33850.0,0.0
SSI,10:22:17,Buy Up,3800,33850.0,50.0
SSI,10:22:08,Sell Down,1700,33800.0,-50.0
SSI,10:21:55,Buy Up,7000,33850.0,50.0
SSI,10:21:50,Sell Down,200,33800.0,0.0
SSI,10:21:42,Sell Down,1000,33800.0,0.0
SSI,10:21:39,Sell Down,200,33800.0,0.0
SSI,10:21:35,Sell Down,1200,33800.0,-50.0
SSI,10:21:31,Buy Up,500,33850.0,0.0
SSI,10:21:26,Buy Up,8000,33850.0,0.0
SSI,10:21:25,Buy Up,700,33850.0,0.0
SSI,10:21:25,Buy Up,100,33850.0,0.0
SSI,10:21:25,Buy Up,1000,33850.0,0.0
SSI,10:21:10,Buy Up,200,33850.0,0.0
SSI,10:21:06,Buy Up,3000,33850.0,50.0
SSI,10:21:01,Sell Down,100,33800.0,-50.0
SSI,10:20:53,Buy Up,1000,33850.0,50.0
SSI,10:20:51,Sell Down,1200,33800.0,-50.0
SSI,10:20:49,Sell Down,1500,33850.0,0.0
SSI,10:20:49,Sell Down,200,33850.0,0.0
SSI,10:20:49,Sell Down,900,33850.0,0.0
SSI,10:20:49,Sell Down,2100,33850.0,0.0
SSI,10:20:46,Sell Down,900,33850.0,0.0
SSI,10:20:46,Sell Down,1100,33850.0,0.0
SSI,10:20:42,Sell Down,500,33850.0,0.0
SSI,10:20:41,Sell Down,400,33850.0,0.0
SSI,10:20:41,Sell Down,2000,33850.0,0.0
SSI,10:20:41,Sell Down,200,33850.0,0.0
SSI,10:20:41,Sell Down,400,33850.0,0.0
SSI,10:20:39,Sell Down,4400,33850.0,0.0
SSI,10:20:39,Sell Down,10000,33850.0,0.0
SSI,10:20:36,Sell Down,500,33850.0,0.0
SSI,10:20:36,Sell Down,200,33850.0,0.0
SSI,10:20:33,Sell Down,500,33850.0,0.0
SSI,10:20:30,Sell Down,300,33850.0,0.0
SSI,10:20:29,Sell Down,200,33850.0,0.0
SSI,10:20:28,Sell Down,200,33850.0,0.0
SSI,10:20:28,Sell Down,10000,33850.0,0.0
SSI,10:20:28,Sell Down,100,33850.0,0.0
SSI,10:20:27,Buy Up,100,33850.0,0.0
SSI,10:20:27,Buy Up,1000,33850.0,0.0
SSI,10:20:27,Buy Up,6000,33850.0,0.0
SSI,10:20:27,Buy Up,3000,33850.0,0.0
SSI,10:20:27,Buy Up,100,33850.0,0.0
SSI,10:20:27,Buy Up,1000,33850.0,0.0
SSI,10:20:27,Buy Up,200,33850.0,0.0
SSI,10:20:27,Buy Up,500,33850.0,0.0
SSI,10:20:27,Buy Up,2400,33850.0,0.0
SSI,10:20:27,Buy Up,4000,33850.0,0.0
SSI,10:20:27,Buy Up,500,33850.0,0.0
SSI,10:20:27,Buy Up,1000,33850.0,0.0
SSI,10:20:27,Buy Up,800,33850.0,0.0
SSI,10:20:27,Buy Up,100,33850.0,0.0
SSI,10:20:27,Buy Up,2900,33850.0,0.0
SSI,10:20:27,Buy Up,100,33850.0,0.0
SSI,10:20:26,Buy Up,200,33850.0,0.0
SSI,10:20:25,Buy Up,200,33850.0,0.0
SSI,10:20:22,Buy Up,4600,33850.0,0.0
SSI,10:20:22,Buy Up,200,33850.0,0.0
SSI,10:20:22,Buy Up,100,33850.0,0.0
SSI,10:20:22,Buy Up,600,33850.0,0.0
SSI,10:20:22,Buy Up,3500,33850.0,0.0
SSI,10:20:22,Buy Up,100,33850.0,0.0
SSI,10:20:22,Buy Up,100,33850.0,0.0
SSI,10:20:22,Buy Up,1000,33850.0,0.0
SSI,10:20:22,Buy Up,300,33850.0,0.0
SSI,10:20:22,Buy Up,100,33850.0,0.0
SSI,10:20:22,Buy Up,100,33850.0,0.0
SSI,10:20:22,Buy Up,8300,33850.0,0.0
SSI,10:20:15,Buy Up,5000,33850.0,50.0
SSI,10:20:14,Sell Down,1200,33800.0,0.0
SSI,10:20:07,Sell Down,1100,33800.0,0.0
SSI,10:20:03,Sell Down,100,33800.0,0.0
SSI,10:20:03,Sell Down,200,33800.0,0.0
SSI,10:20:03,Sell Down,200,33800.0,-50.0
SSI,10:20:03,Buy Up,500,33850.0,0.0
SSI,10:19:58,Buy Up,500,33850.0,50.0
SSI,10:19:56,Sell Down,300,33800.0,0.0
SSI,10:19:48,Sell Down,200,33800.0,0.0
SSI,10:19:48,Sell Down,100,33800.0,0.0
SSI,10:19:48,Sell Down,700,33800.0,-50.0
SSI,10:19:43,Buy Up,200,33850.0,50.0
SSI,10:19:43,Sell Down,200,33800.0,-50.0
SSI,10:19:40,Buy Up,1900,33850.0,0.0
SSI,10:19:39,Buy Up,1000,33850.0,0.0
SSI,10:19:39,Buy Up,100,33850.0,50.0
SSI,10:19:32,Sell Down,600,33800.0,0.0
SSI,10:19:31,Sell Down,600,33800.0,0.0
SSI,10:19:31,Sell Down,400,33800.0,-50.0
SSI,10:19:26,Buy Up,4500,33850.0,0.0
SSI,10:19:26,Buy Up,100,33850.0,50.0
SSI,10:19:25,Sell Down,100,33800.0,-50.0
SSI,10:19:25,Buy Up,900,33850.0,50.0
SSI,10:19:25,Sell Down,500,33800.0,0.0
SSI,10:19:25,Sell Down,700,33800.0,-50.0
SSI,10:19:22,Buy Up,500,33850.0,0.0
SSI,10:19:22,Buy Up,500,33850.0,0.0
SSI,10:19:20,Buy Up,1300,33850.0,0.0
SSI,10:19:19,Buy Up,500,33850.0,50.0
SSI,10:19:18,Sell Down,1700,33800.0,0.0
SSI,10:19:16,Sell Down,5000,33800.0,-50.0
SSI,10:19:14,Buy Up,3500,33850.0,0.0
SSI,10:19:14,Buy Up,300,33850.0,0.0
SSI,10:19:14,Buy Up,10000,33850.0,0.0
SSI,10:19:14,Buy Up,900,33850.0,0.0
SSI,10:19:14,Buy Up,3300,33850.0,0.0
SSI,10:19:06,Buy Up,200,33850.0,0.0
SSI,10:19:04,Buy Up,1000,33850.0,0.0
SSI,10:19:04,Buy Up,3000,33850.0,0.0
SSI,10:19:02,Buy Up,100,33850.0,50.0
SSI,10:19:02,Sell Down,1000,33800.0,-50.0
SSI,10:18:56,Sell Down,1000,33850.0,0.0
SSI,10:18:56,Sell Down,1400,33850.0,0.0
SSI,10:18:55,Sell Down,3000,33850.0,0.0
SSI,10:18:55,Sell Down,2000,33850.0,0.0
SSI,10:18:55,Sell Down,3300,33850.0,0.0
SSI,10:18:55,Sell Down,3000,33850.0,0.0
SSI,10:18:55,Sell Down,2000,33850.0,0.0
SSI,10:18:55,Sell Down,200,33850.0,0.0
SSI,10:18:55,Sell Down,1000,33850.0,0.0
SSI,10:18:55,Sell Down,3000,33850.0,0.0
SSI,10:18:55,Sell Down,200,33850.0,0.0
SSI,10:18:55,Sell Down,900,33850.0,50.0
SSI,10:18:49,Sell Down,200,33800.0,-50.0
SSI,10:18:49,Buy Up,2300,33850.0,0.0
SSI,10:18:43,Sell Down,200,33850.0,0.0
SSI,10:18:43,Sell Down,600,33850.0,0.0
SSI,10:18:42,Sell Down,1000,33850.0,0.0
SSI,10:18:42,Sell Down,1100,33850.0,0.0
SSI,10:18:42,Sell Down,3000,33850.0,0.0
SSI,10:18:41,Sell Down,900,33850.0,0.0
SSI,10:18:41,Sell Down,100,33850.0,0.0
SSI,10:18:41,Sell Down,4800,33850.0,0.0
SSI,10:18:40,Sell Down,200,33850.0,0.0
SSI,10:18:40,Sell Down,400,33850.0,0.0
SSI,10:18:37,Sell Down,1700,33850.0,0.0
SSI,10:18:36,Sell Down,500,33850.0,0.0
SSI,10:18:36,Sell Down,10000,33850.0,0.0
SSI,10:18:36,Buy Up,100,33850.0,0.0
SSI,10:18:36,Buy Up,5800,33850.0,0.0
SSI,10:18:36,Buy Up,10000,33850.0,0.0
SSI,10:18:36,Buy Up,1500,33850.0,0.0
SSI,10:18:32,Buy Up,600,33850.0,0.0
SSI,10:18:32,Buy Up,7000,33850.0,0.0
SSI,10:18:32,Buy Up,200,33850.0,0.0
SSI,10:18:32,Buy Up,2200,33850.0,0.0
SSI,10:18:30,Buy Up,500,33850.0,0.0
SSI,10:18:27,Buy Up,2300,33850.0,0.0
SSI,10:18:26,Buy Up,600,33850.0,0.0
SSI,10:18:26,Buy Up,200,33850.0,0.0
SSI,10:18:20,Sell Down,100,33850.0,0.0
SSI,10:18:18,Sell Down,2000,33850.0,0.0
SSI,10:18:18,Sell Down,500,33850.0,0.0
SSI,10:18:18,Sell Down,1400,33850.0,0.0
SSI,10:18:16,Buy Up,20000,33850.0,0.0
SSI,10:18:16,Buy Up,7800,33850.0,0.0
SSI,10:18:15,Sell Down,2700,33850.0,0.0
SSI,10:18:11,Sell Down,200,33850.0,0.0
SSI,10:18:10,Sell Down,900,33850.0,0.0
SSI,10:18:08,Sell Down,200,33850.0,0.0
SSI,10:18:07,Sell Down,11500,33850.0,0.0
SSI,10:18:07,Buy Up,1000,33850.0,0.0
SSI,10:18:07,Buy Up,1000,33850.0,0.0
SSI,10:18:07,Buy Up,800,33850.0,0.0
SSI,10:18:07,Buy Up,200,33850.0,0.0
SSI,10:18:07,Buy Up,20000,33850.0,0.0
SSI,10:18:07,Buy Up,2200,33850.0,0.0
SSI,10:18:07,Buy Up,300,33850.0,0.0
SSI,10:18:07,Buy Up,400,33850.0,0.0
SSI,10:18:07,Buy Up,500,33850.0,0.0
SSI,10:18:07,Buy Up,300,33850.0,50.0
SSI,10:18:00,Sell Down,100,33800.0,-50.0
SSI,10:18:00,Buy Up,100,33850.0,50.0
SSI,10:18:00,Sell Down,1300,33800.0,-50.0
SSI,10:17:59,Buy Up,1000,33850.0,0.0
SSI,10:17:57,Buy Up,100,33850.0,0.0
SSI,10:17:54,Buy Up,1200,33850.0,0.0
SSI,10:17:50,Buy Up,600,33850.0,0.0
SSI,10:17:50,Buy Up,1700,33850.0,0.0
SSI,10:17:49,Sell Down,3000,33850.0,0.0
SSI,10:17:48,Sell Down,300,33850.0,0.0
SSI,10:17:48,Sell Down,5000,33850.0,0.0
SSI,10:17:48,Sell Down,500,33850.0,0.0
SSI,10:17:48,Sell Down,3500,33850.0,0.0
SSI,10:17:48,Sell Down,3000,33850.0,0.0
SSI,10:17:48,Sell Down,300,33850.0,0.0
SSI,10:17:48,Sell Down,100,33850.0,0.0
SSI,10:17:48,Sell Down,1000,33850.0,0.0
SSI,10:17:48,Sell Down,1000,33850.0,0.0
SSI,10:17:48,Sell Down,1100,33850.0,0.0
SSI,10:17:47,Sell Down,100,33850.0,0.0
SSI,10:17:46,Sell Down,300,33850.0,0.0
SSI,10:17:46,Sell Down,500,33850.0,0.0
SSI,10:17:45,Sell Down,3000,33850.0,0.0
SSI,10:17:45,Sell Down,300,33850.0,0.0
SSI,10:17:45,Sell Down,200,33850.0,0.0
SSI,10:17:45,Sell Down,1700,33850.0,0.0
SSI,10:17:45,Sell Down,200,33850.0,0.0
SSI,10:17:45,Sell Down,1200,33850.0,0.0
SSI,10:17:45,Sell Down,100,33850.0,0.0
SSI,10:17:45,Sell Down,100,33850.0,0.0
SSI,10:17:45,Sell Down,1000,33850.0,0.0
SSI,10:17:45,Sell Down,600,33850.0,0.0
SSI,10:17:45,Sell Down,5000,33850.0,0.0
SSI,10:17:45,Sell Down,3000,33850.0,0.0
SSI,10:17:45,Sell Down,33600,33850.0,0.0
SSI,10:17:44,Sell Down,300,33850.0,0.0
SSI,10:17:44,Sell Down,1000,33850.0,0.0
SSI,10:17:43,Sell Down,15100,33850.0,0.0
SSI,10:17:43,Sell Down,1000,33850.0,0.0
SSI,10:17:43,Sell Down,3900,33850.0,0.0
SSI,10:17:43,Sell Down,100,33850.0,0.0
SSI,10:17:41,Sell Down,1000,33850.0,0.0
SSI,10:17:41,Sell Down,500,33850.0,0.0
SSI,10:17:41,Sell Down,500,33850.0,0.0
SSI,10:17:38,Sell Down,4200,33850.0,0.0
SSI,10:17:38,Sell Down,1300,33850.0,0.0
SSI,10:17:38,Sell Down,200,33850.0,0.0
SSI,10:17:38,Sell Down,100,33850.0,0.0
SSI,10:17:37,Sell Down,600,33850.0,0.0
SSI,10:17:37,Sell Down,900,33850.0,0.0
SSI,10:17:37,Sell Down,1500,33850.0,0.0
SSI,10:17:36,Sell Down,200,33850.0,0.0
SSI,10:17:36,Sell Down,2000,33850.0,0.0
SSI,10:17:35,Sell Down,100,33850.0,0.0
SSI,10:17:35,Sell Down,3000,33850.0,0.0
SSI,10:17:32,Sell Down,6000,33850.0,0.0
SSI,10:17:31,Sell Down,1000,33850.0,0.0
SSI,10:17:29,Sell Down,20000,33850.0,0.0
SSI,10:17:28,Sell Down,1000,33850.0,0.0
SSI,10:17:28,Sell Down,3900,33850.0,0.0
SSI,10:17:27,Sell Down,1000,33850.0,0.0
SSI,10:17:26,Sell Down,200,33850.0,0.0
SSI,10:17:25,Sell Down,10000,33850.0,0.0
SSI,10:17:23,Sell Down,100,33850.0,0.0
SSI,10:17:23,Sell Down,100,33850.0,-50.0
SSI,10:17:22,Buy Up,1200,33900.0,50.0
SSI,10:17:20,Sell Down,3000,33850.0,0.0
SSI,10:17:19,Sell Down,100,33850.0,0.0
SSI,10:17:18,Sell Down,1800,33850.0,0.0
SSI,10:17:18,Sell Down,100,33850.0,0.0
SSI,10:17:18,Sell Down,200,33850.0,0.0
SSI,10:17:18,Sell Down,2000,33850.0,0.0
SSI,10:17:18,Sell Down,300,33850.0,0.0
SSI,10:17:18,Sell Down,1400,33850.0,0.0
SSI,10:17:14,Sell Down,800,33850.0,0.0
SSI,10:17:14,Sell Down,200,33850.0,0.0
SSI,10:17:14,Sell Down,800,33850.0,0.0
SSI,10:17:14,Sell Down,400,33850.0,0.0
SSI,10:17:13,Sell Down,600,33850.0,0.0
SSI,10:17:13,Sell Down,100,33850.0,0.0
SSI,10:17:13,Sell Down,1000,33850.0,0.0
SSI,10:17:13,Sell Down,100,33850.0,0.0
SSI,10:17:13,Sell Down,100,33850.0,0.0
SSI,10:17:13,Sell Down,1100,33850.0,0.0
SSI,10:17:12,Sell Down,500,33850.0,0.0
SSI,10:17:10,Sell Down,1000,33850.0,0.0
SSI,10:17:10,Sell Down,100,33850.0,0.0
SSI,10:17:10,Sell Down,4700,33850.0,0.0
SSI,10:17:06,Sell Down,400,33850.0,0.0
SSI,10:17:06,Sell Down,500,33850.0,0.0
SSI,10:17:06,Sell Down,1000,33850.0,0.0
SSI,10:17:04,Sell Down,5800,33850.0,0.0
SSI,10:17:03,Sell Down,500,33850.0,0.0
SSI,10:17:00,Sell Down,1100,33850.0,-50.0
SSI,10:16:58,Buy Up,300,33900.0,50.0
SSI,10:16:56,Sell Down,2300,33850.0,0.0
SSI,10:16:56,Sell Down,9000,33850.0,-50.0
SSI,10:16:54,Buy Up,2400,33900.0,50.0
SSI,10:16:53,Sell Down,100,33850.0,0.0
SSI,10:16:51,Sell Down,200,33850.0,-50.0
SSI,10:16:45,Buy Up,200,33900.0,50.0
SSI,10:16:42,Sell Down,100,33850.0,0.0
SSI,10:16:38,Sell Down,300,33850.0,0.0
SSI,10:16:37,Sell Down,5000,33850.0,0.0
SSI,10:16:37,Sell Down,1000,33850.0,0.0
SSI,10:16:36,Sell Down,3000,33850.0,0.0
SSI,10:16:35,Sell Down,800,33850.0,0.0
SSI,10:16:33,Sell Down,200,33850.0,0.0
SSI,10:16:33,Sell Down,100,33850.0,0.0
SSI,10:16:33,Sell Down,100,33850.0,0.0
SSI,10:16:32,Sell Down,3000,33850.0,0.0
SSI,10:16:30,Sell Down,5000,33850.0,0.0
SSI,10:16:29,Sell Down,1200,33850.0,0.0
SSI,10:16:27,Sell Down,500,33850.0,0.0
SSI,10:16:26,Sell Down,1000,33850.0,0.0
SSI,10:16:15,Sell Down,10000,33850.0,0.0
SSI,10:16:08,Sell Down,2000,33850.0,0.0
SSI,10:16:04,Sell Down,5000,33850.0,0.0
SSI,10:16:04,Sell Down,2000,33850.0,0.0
SSI,10:16:01,Sell Down,500,33850.0,0.0
SSI,10:15:52,Sell Down,1000,33850.0,0.0
SSI,10:15:51,Sell Down,3200,33850.0,0.0
SSI,10:15:48,Sell Down,10000,33850.0,0.0
SSI,10:15:47,Sell Down,1300,33850.0,0.0
SSI,10:15:46,Sell Down,100,33850.0,0.0
SSI,10:15:40,Sell Down,3000,33850.0,0.0
SSI,10:15:35,Sell Down,100,33850.0,0.0
SSI,10:15:30,Sell Down,200,33850.0,0.0
SSI,10:15:28,Sell Down,6000,33850.0,0.0
SSI,10:15:28,Sell Down,3000,33850.0,0.0
SSI,10:15:27,Sell Down,400,33850.0,0.0
SSI,10:15:27,Sell Down,1000,33850.0,0.0
SSI,10:15:24,Sell Down,1000,33850.0,0.0
SSI,10:15:24,Sell Down,900,33850.0,0.0
SSI,10:15:24,Sell Down,2400,33850.0,0.0
SSI,10:15:21,Sell Down,400,33850.0,0.0
SSI,10:15:17,Sell Down,1500,33850.0,0.0
SSI,10:15:10,Sell Down,200,33850.0,-50.0
SSI,10:15:05,Buy Up,2000,33900.0,50.0
SSI,10:15:01,Sell Down,1200,33850.0,0.0
SSI,10:14:54,Sell Down,1300,33850.0,-50.0
SSI,10:14:53,Buy Up,500,33900.0,0.0
SSI,10:14:48,Buy Up,500,33900.0,50.0
SSI,10:14:42,Sell Down,100,33850.0,-50.0
SSI,10:14:41,Buy Up,400,33900.0,0.0
SSI,10:14:41,Buy Up,5000,33900.0,0.0
SSI,10:14:40,Buy Up,100,33900.0,0.0
SSI,10:14:40,Sell Down,2000,33900.0,0.0
SSI,10:14:40,Sell Down,3000,33900.0,0.0
SSI,10:14:40,Sell Down,100,33900.0,0.0
SSI,10:14:40,Sell Down,200,33900.0,0.0
SSI,10:14:40,Sell Down,600,33900.0,0.0
SSI,10:14:40,Sell Down,1000,33900.0,0.0
SSI,10:14:40,Sell Down,100,33900.0,0.0
SSI,10:14:40,Sell Down,100,33900.0,0.0
SSI,10:14:40,Sell Down,600,33900.0,0.0
SSI,10:14:40,Sell Down,500,33900.0,0.0
SSI,10:14:40,Sell Down,200,33900.0,0.0
SSI,10:14:40,Sell Down,100,33900.0,0.0
SSI,10:14:39,Sell Down,1000,33900.0,0.0
SSI,10:14:39,Sell Down,500,33900.0,0.0
SSI,10:14:35,Sell Down,3000,33900.0,0.0
SSI,10:14:34,Sell Down,7900,33900.0,0.0
SSI,10:14:34,Sell Down,500,33900.0,0.0
SSI,10:14:34,Sell Down,1000,33900.0,0.0
SSI,10:14:34,Sell Down,600,33900.0,0.0
SSI,10:14:34,Sell Down,100,33900.0,0.0
SSI,10:14:33,Sell Down,1000,33900.0,0.0
SSI,10:14:33,Sell Down,4300,33900.0,0.0
SSI,10:14:33,Sell Down,2000,33900.0,0.0
SSI,10:14:33,Sell Down,2000,33900.0,0.0
SSI,10:14:33,Sell Down,100,33900.0,0.0
SSI,10:14:33,Sell Down,600,33900.0,0.0
SSI,10:14:33,Sell Down,800,33900.0,0.0
SSI,10:14:33,Sell Down,5000,33900.0,0.0
SSI,10:14:33,Sell Down,2000,33900.0,0.0
SSI,10:14:33,Sell Down,400,33900.0,0.0
SSI,10:14:33,Sell Down,2000,33900.0,0.0
SSI,10:14:33,Sell Down,1000,33900.0,0.0
SSI,10:14:33,Sell Down,3400,33900.0,0.0
SSI,10:14:33,Sell Down,10000,33900.0,0.0
SSI,10:14:33,Sell Down,2600,33900.0,0.0
SSI,10:14:33,Sell Down,100,33900.0,0.0
SSI,10:14:33,Sell Down,500,33900.0,0.0
SSI,10:14:33,Sell Down,100,33900.0,0.0
SSI,10:14:33,Sell Down,10000,33900.0,0.0
SSI,10:14:33,Sell Down,2000,33900.0,0.0
SSI,10:14:33,Sell Down,200,33900.0,0.0
SSI,10:14:33,Sell Down,100,33900.0,0.0
SSI,10:14:33,Sell Down,300,33900.0,0.0
SSI,10:14:33,Sell Down,11500,33900.0,0.0
SSI,10:14:33,Sell Down,300,33900.0,0.0
SSI,10:14:33,Sell Down,2100,33900.0,0.0
SSI,10:14:32,Sell Down,1000,33900.0,0.0
SSI,10:14:32,Sell Down,100,33900.0,0.0
SSI,10:14:32,Sell Down,5000,33900.0,0.0
SSI,10:14:32,Sell Down,3000,33900.0,0.0
SSI,10:14:32,Sell Down,500,33900.0,0.0
SSI,10:14:32,Sell Down,1300,33900.0,0.0
SSI,10:14:32,Sell Down,200,33900.0,0.0
SSI,10:14:32,Sell Down,2000,33900.0,0.0
SSI,10:14:32,Sell Down,500,33900.0,0.0
SSI,10:14:31,Sell Down,100,33900.0,0.0
SSI,10:14:31,Sell Down,300,33900.0,0.0
SSI,10:14:31,Sell Down,400,33900.0,0.0
SSI,10:14:31,Sell Down,300,33900.0,0.0
SSI,10:14:31,Sell Down,300,33900.0,0.0
SSI,10:14:31,Sell Down,600,33900.0,0.0
SSI,10:14:31,Sell Down,200,33900.0,0.0
SSI,10:14:31,Sell Down,100,33900.0,0.0
SSI,10:14:31,Sell Down,200,33900.0,0.0
SSI,10:14:31,Sell Down,2000,33900.0,0.0
SSI,10:14:31,Sell Down,5000,33900.0,0.0
SSI,10:14:31,Sell Down,28000,33900.0,0.0
SSI,10:14:31,Sell Down,100,33900.0,0.0
SSI,10:14:30,Sell Down,300,33900.0,0.0
SSI,10:14:27,Sell Down,6000,33900.0,0.0
SSI,10:14:26,Sell Down,3000,33900.0,0.0
SSI,10:14:26,Sell Down,2000,33900.0,0.0
SSI,10:14:25,Sell Down,500,33900.0,0.0
SSI,10:14:25,Sell Down,100,33900.0,0.0
SSI,10:14:25,Sell Down,500,33900.0,0.0
SSI,10:14:24,Sell Down,5000,33900.0,0.0
SSI,10:14:24,Sell Down,1000,33900.0,0.0
SSI,10:14:24,Sell Down,100,33900.0,0.0
SSI,10:14:21,Sell Down,200,33900.0,0.0
SSI,10:14:20,Sell Down,30000,33900.0,0.0
SSI,10:14:19,Sell Down,100,33900.0,0.0
SSI,10:14:19,Sell Down,1000,33900.0,0.0
SSI,10:14:19,Sell Down,1500,33900.0,0.0
SSI,10:14:18,Sell Down,500,33900.0,0.0
SSI,10:14:15,Sell Down,1100,33900.0,0.0
SSI,10:14:14,Sell Down,38000,33900.0,0.0
SSI,10:14:14,Sell Down,200,33900.0,-50.0
SSI,10:14:14,Buy Up,300,33950.0,50.0
SSI,10:14:13,Sell Down,20000,33900.0,0.0
SSI,10:14:12,Sell Down,10000,33900.0,0.0
SSI,10:14:11,Sell Down,40000,33900.0,0.0
SSI,10:14:11,Sell Down,700,33900.0,0.0
SSI,10:14:10,Sell Down,200,33900.0,0.0
SSI,10:14:09,Sell Down,1000,33900.0,0.0
SSI,10:14:06,Sell Down,100,33900.0,0.0
SSI,10:14:05,Sell Down,100,33900.0,0.0
SSI,10:14:05,Sell Down,200,33900.0,0.0
SSI,10:14:04,Sell Down,1000,33900.0,0.0
SSI,10:14:04,Sell Down,100,33900.0,0.0
SSI,10:13:57,Sell Down,2000,33900.0,0.0
SSI,10:13:57,Sell Down,5000,33900.0,0.0
SSI,10:13:54,Sell Down,500,33900.0,-50.0
SSI,10:13:53,Buy Up,2500,33950.0,50.0
SSI,10:13:52,Sell Down,1500,33900.0,0.0
SSI,10:13:51,Sell Down,1000,33900.0,0.0
SSI,10:13:50,Sell Down,200,33900.0,0.0
SSI,10:13:49,Sell Down,2200,33900.0,0.0
SSI,10:13:47,Sell Down,1000,33900.0,0.0
SSI,10:13:46,Sell Down,5000,33900.0,0.0
SSI,10:13:45,Sell Down,500,33900.0,0.0
SSI,10:13:44,Sell Down,300,33900.0,0.0
SSI,10:13:43,Sell Down,500,33900.0,0.0
SSI,10:13:42,Sell Down,100,33900.0,0.0
SSI,10:13:41,Sell Down,1000,33900.0,0.0
SSI,10:13:40,Sell Down,1000,33900.0,0.0
SSI,10:13:38,Sell Down,5000,33900.0,0.0
SSI,10:13:37,Sell Down,500,33900.0,0.0
SSI,10:13:32,Sell Down,1200,33900.0,0.0
SSI,10:13:32,Sell Down,100,33900.0,0.0
SSI,10:13:31,Sell Down,4000,33900.0,-50.0
SSI,10:13:31,Buy Up,1000,33950.0,50.0
SSI,10:13:30,Sell Down,100,33900.0,0.0
SSI,10:13:30,Sell Down,1000,33900.0,0.0
SSI,10:13:29,Sell Down,200,33900.0,0.0
SSI,10:13:27,Sell Down,4000,33900.0,0.0
SSI,10:13:25,Sell Down,5000,33900.0,0.0
SSI,10:13:18,Sell Down,400,33900.0,0.0
SSI,10:13:16,Sell Down,1000,33900.0,0.0
SSI,10:13:13,Sell Down,100,33900.0,0.0
SSI,10:13:13,Sell Down,1000,33900.0,0.0
SSI,10:13:13,Sell Down,1000,33900.0,0.0
SSI,10:13:10,Sell Down,300,33900.0,0.0
SSI,10:13:10,Sell Down,10000,33900.0,0.0
SSI,10:13:09,Sell Down,1000,33900.0,0.0
SSI,10:13:03,Sell Down,2500,33900.0,0.0
SSI,10:13:00,Sell Down,100,33900.0,0.0
SSI,10:12:53,Sell Down,3000,33900.0,0.0
SSI,10:12:49,Sell Down,2500,33900.0,0.0
SSI,10:12:46,Sell Down,1000,33900.0,0.0
SSI,10:12:45,Sell Down,1100,33900.0,0.0
SSI,10:12:43,Sell Down,1000,33900.0,-50.0
SSI,10:12:43,Buy Up,200,33950.0,50.0
SSI,10:12:41,Sell Down,6000,33900.0,0.0
SSI,10:12:40,Sell Down,100,33900.0,-50.0
SSI,10:12:33,Buy Up,5000,33950.0,50.0
SSI,10:12:32,Sell Down,1000,33900.0,0.0
SSI,10:12:32,Sell Down,200,33900.0,-50.0
SSI,10:12:31,Buy Up,1000,33950.0,50.0
SSI,10:12:26,Sell Down,1000,33900.0,0.0
SSI,10:12:20,Sell Down,500,33900.0,0.0
SSI,10:12:18,Sell Down,100,33900.0,0.0
SSI,10:12:17,Sell Down,2000,33900.0,0.0
SSI,10:12:15,Sell Down,3000,33900.0,0.0
SSI,10:12:14,Sell Down,3000,33900.0,0.0
SSI,10:12:13,Sell Down,500,33900.0,-50.0
SSI,10:12:13,Buy Up,2000,33950.0,50.0
SSI,10:12:11,Sell Down,200,33900.0,0.0
SSI,10:12:10,Sell Down,500,33900.0,0.0
SSI,10:12:10,Sell Down,2200,33900.0,0.0
SSI,10:12:08,Sell Down,4600,33900.0,0.0
SSI,10:12:08,Sell Down,10000,33900.0,0.0
SSI,10:12:05,Sell Down,300,33900.0,0.0
SSI,10:12:05,Sell Down,100,33900.0,0.0
SSI,10:12:02,Sell Down,300,33900.0,-50.0
SSI,10:12:01,Buy Up,500,33950.0,50.0
SSI,10:12:00,Sell Down,2000,33900.0,0.0
SSI,10:11:58,Sell Down,500,33900.0,0.0
SSI,10:11:58,Sell Down,1000,33900.0,0.0
SSI,10:11:58,Sell Down,2000,33900.0,0.0
SSI,10:11:56,Sell Down,100,33900.0,0.0
SSI,10:11:55,Sell Down,300,33900.0,0.0
SSI,10:11:53,Sell Down,500,33900.0,0.0
SSI,10:11:53,Sell Down,1000,33900.0,0.0
SSI,10:11:52,Sell Down,20000,33900.0,0.0
SSI,10:11:51,Sell Down,500,33900.0,0.0
SSI,10:11:49,Sell Down,2000,33900.0,0.0
SSI,10:11:49,Sell Down,3000,33900.0,0.0
SSI,10:11:44,Sell Down,800,33900.0,0.0
SSI,10:11:42,Sell Down,200,33900.0,0.0
SSI,10:11:35,Sell Down,700,33900.0,0.0
SSI,10:11:35,Sell Down,500,33900.0,0.0
SSI,10:11:34,Sell Down,1000,33900.0,0.0
SSI,10:11:31,Sell Down,10000,33900.0,0.0
SSI,10:11:26,Sell Down,100,33900.0,-50.0
SSI,10:11:25,Buy Up,300,33950.0,50.0
SSI,10:11:22,Sell Down,2200,33900.0,0.0
SSI,10:11:18,Sell Down,3000,33900.0,-50.0
SSI,10:11:16,Buy Up,500,33950.0,0.0
SSI,10:11:15,Buy Up,5000,33950.0,0.0
SSI,10:11:14,Buy Up,20000,33950.0,0.0
SSI,10:11:08,Buy Up,100,33950.0,0.0
SSI,10:11:08,Buy Up,900,33950.0,0.0
SSI,10:11:08,Buy Up,500,33950.0,0.0
SSI,10:11:08,Buy Up,100,33950.0,0.0
SSI,10:11:08,Buy Up,900,33950.0,50.0
SSI,10:11:07,Sell Down,100,33900.0,0.0
SSI,10:11:04,Sell Down,100,33900.0,0.0
SSI,10:11:01,Sell Down,29200,33900.0,0.0
SSI,10:11:00,Sell Down,2000,33900.0,-50.0
SSI,10:10:59,Buy Up,2300,33950.0,50.0
SSI,10:10:55,Sell Down,1000,33900.0,-50.0
SSI,10:10:52,Buy Up,600,33950.0,0.0
SSI,10:10:52,Buy Up,1200,33950.0,0.0
SSI,10:10:52,Buy Up,200,33950.0,0.0
SSI,10:10:52,Buy Up,100,33950.0,0.0
SSI,10:10:52,Buy Up,100,33950.0,0.0
SSI,10:10:52,Buy Up,100,33950.0,0.0
SSI,10:10:52,Buy Up,2500,33950.0,0.0
SSI,10:10:52,Buy Up,200,33950.0,0.0
SSI,10:10:52,Buy Up,15000,33950.0,0.0
SSI,10:10:52,Buy Up,1000,33950.0,0.0
SSI,10:10:52,Buy Up,2000,33950.0,0.0
SSI,10:10:52,Buy Up,100,33950.0,0.0
SSI,10:10:52,Buy Up,500,33950.0,0.0
SSI,10:10:52,Buy Up,100,33950.0,0.0
SSI,10:10:52,Buy Up,1900,33950.0,50.0
SSI,10:10:51,Sell Down,1300,33900.0,0.0
SSI,10:10:51,Sell Down,20000,33900.0,0.0
SSI,10:10:51,Sell Down,2000,33900.0,0.0
SSI,10:10:50,Sell Down,10000,33900.0,0.0
SSI,10:10:50,Sell Down,300,33900.0,0.0
SSI,10:10:50,Sell Down,2400,33900.0,0.0
SSI,10:10:50,Sell Down,1000,33900.0,0.0
SSI,10:10:50,Sell Down,82100,33900.0,0.0
SSI,10:10:48,Buy Up,5000,33900.0,0.0
SSI,10:10:47,Buy Up,10000,33900.0,0.0
SSI,10:10:45,Buy Up,200,33900.0,0.0
SSI,10:10:45,Buy Up,20000,33900.0,0.0
SSI,10:10:41,Buy Up,1000,33900.0,0.0
SSI,10:10:41,Buy Up,100,33900.0,0.0
SSI,10:10:41,Sell Down,20000,33900.0,0.0
SSI,10:10:41,Sell Down,1700,33900.0,0.0
SSI,10:10:41,Sell Down,200,33900.0,0.0
SSI,10:10:41,Sell Down,100,33900.0,0.0
SSI,10:10:41,Sell Down,100,33900.0,0.0
SSI,10:10:41,Sell Down,700,33900.0,0.0
SSI,10:10:41,Sell Down,5000,33900.0,0.0
SSI,10:10:41,Sell Down,1000,33900.0,0.0
SSI,10:10:41,Sell Down,100,33900.0,0.0
SSI,10:10:41,Sell Down,100,33900.0,0.0
SSI,10:10:41,Sell Down,2600,33900.0,0.0
SSI,10:10:40,Sell Down,1000,33900.0,-50.0
SSI,10:10:38,Buy Up,100,33950.0,0.0
SSI,10:10:38,Buy Up,100,33950.0,50.0
SSI,10:10:38,Sell Down,400,33900.0,0.0
SSI,10:10:38,Sell Down,1000,33900.0,0.0
SSI,10:10:38,Sell Down,100,33900.0,0.0
SSI,10:10:35,Sell Down,100,33900.0,0.0
SSI,10:10:35,Sell Down,2900,33900.0,0.0
SSI,10:10:34,Sell Down,3000,33900.0,0.0
SSI,10:10:34,Sell Down,10000,33900.0,0.0
SSI,10:10:32,Sell Down,200,33900.0,-50.0
SSI,10:10:28,Buy Up,1900,33950.0,0.0
SSI,10:10:28,Buy Up,1000,33950.0,0.0
SSI,10:10:28,Buy Up,100,33950.0,0.0
SSI,10:10:28,Buy Up,1000,33950.0,0.0
SSI,10:10:28,Buy Up,5000,33950.0,0.0
SSI,10:10:28,Buy Up,1000,33950.0,50.0
SSI,10:10:24,Sell Down,100,33900.0,0.0
SSI,10:10:21,Sell Down,800,33900.0,0.0
SSI,10:10:17,Sell Down,1000,33900.0,0.0
SSI,10:10:17,Sell Down,500,33900.0,0.0
SSI,10:10:13,Sell Down,1000,33900.0,0.0
SSI,10:10:13,Buy Up,100,33900.0,0.0
SSI,10:10:13,Buy Up,400,33900.0,0.0
SSI,10:10:12,Buy Up,2000,33900.0,0.0
SSI,10:10:12,Buy Up,1600,33900.0,0.0
SSI,10:10:12,Buy Up,1600,33900.0,0.0
SSI,10:10:12,Buy Up,1000,33900.0,0.0
SSI,10:10:11,Buy Up,800,33900.0,0.0
SSI,10:10:11,Buy Up,1000,33900.0,0.0
SSI,10:10:11,Buy Up,1000,33900.0,0.0
SSI,10:10:11,Buy Up,2000,33900.0,0.0
SSI,10:10:11,Buy Up,200,33900.0,0.0
SSI,10:10:10,Buy Up,4000,33900.0,0.0
SSI,10:10:10,Buy Up,200,33900.0,0.0
SSI,10:10:09,Buy Up,1800,33900.0,0.0
SSI,10:10:08,Buy Up,5000,33900.0,0.0
SSI,10:10:08,Buy Up,3000,33900.0,0.0
SSI,10:10:08,Buy Up,800,33900.0,0.0
SSI,10:10:08,Buy Up,200,33900.0,0.0
SSI,10:10:08,Buy Up,500,33900.0,0.0
SSI,10:10:07,Buy Up,200,33900.0,0.0
SSI,10:10:07,Buy Up,100,33900.0,0.0
SSI,10:10:07,Buy Up,100,33900.0,0.0
SSI,10:10:07,Buy Up,500,33900.0,0.0
SSI,10:10:07,Buy Up,1000,33900.0,0.0
SSI,10:10:07,Buy Up,100,33900.0,0.0
SSI,10:10:06,Buy Up,300,33900.0,0.0
SSI,10:10:06,Buy Up,400,33900.0,0.0
SSI,10:10:06,Buy Up,500,33900.0,0.0
SSI,10:10:06,Buy Up,500,33900.0,0.0
SSI,10:10:06,Buy Up,500,33900.0,0.0
SSI,10:10:06,Buy Up,2000,33900.0,0.0
SSI,10:10:06,Buy Up,200,33900.0,0.0
SSI,10:10:06,Buy Up,500,33900.0,0.0
SSI,10:10:06,Buy Up,200,33900.0,0.0
SSI,10:10:06,Buy Up,300,33900.0,0.0
SSI,10:10:06,Buy Up,200,33900.0,0.0
SSI,10:10:06,Buy Up,500,33900.0,0.0
SSI,10:10:06,Buy Up,500,33900.0,0.0
SSI,10:10:06,Buy Up,700,33900.0,0.0
SSI,10:10:06,Buy Up,10000,33900.0,0.0
SSI,10:10:06,Buy Up,400,33900.0,0.0
SSI,10:10:06,Buy Up,10400,33900.0,0.0
SSI,10:10:06,Buy Up,100,33900.0,0.0
SSI,10:10:06,Buy Up,400,33900.0,0.0
SSI,10:10:06,Buy Up,2000,33900.0,0.0
SSI,10:10:06,Buy Up,500,33900.0,0.0
SSI,10:10:06,Buy Up,100,33900.0,0.0
SSI,10:10:06,Buy Up,100,33900.0,0.0
SSI,10:10:04,Buy Up,1000,33900.0,0.0
SSI,10:10:04,Buy Up,3000,33900.0,0.0
SSI,10:10:03,Buy Up,500,33900.0,0.0
SSI,10:10:03,Buy Up,2000,33900.0,0.0
SSI,10:10:02,Buy Up,200,33900.0,0.0
SSI,10:10:02,Buy Up,100,33900.0,0.0
SSI,10:10:02,Buy Up,200,33900.0,0.0
SSI,10:10:02,Buy Up,500,33900.0,0.0
SSI,10:10:00,Buy Up,3500,33900.0,0.0
SSI,10:10:00,Buy Up,500,33900.0,0.0
SSI,10:10:00,Buy Up,200,33900.0,0.0
SSI,10:10:00,Buy Up,8000,33900.0,0.0
SSI,10:10:00,Buy Up,1400,33900.0,0.0
SSI,10:10:00,Buy Up,200,33900.0,0.0
SSI,10:10:00,Buy Up,15000,33900.0,0.0
SSI,10:10:00,Buy Up,200,33900.0,0.0
SSI,10:10:00,Buy Up,100,33900.0,0.0
SSI,10:10:00,Buy Up,10000,33900.0,0.0
SSI,10:10:00,Buy Up,100,33900.0,0.0
SSI,10:10:00,Buy Up,1000,33900.0,0.0
SSI,10:10:00,Buy Up,100,33900.0,0.0
SSI,10:10:00,Buy Up,100,33900.0,0.0
SSI,10:10:00,Buy Up,1000,33900.0,0.0
SSI,10:10:00,Buy Up,1000,33900.0,0.0
SSI,10:10:00,Buy Up,4600,33900.0,0.0
SSI,10:10:00,Buy Up,1000,33900.0,0.0
SSI,10:09:59,Buy Up,2000,33900.0,0.0
SSI,10:09:59,Buy Up,300,33900.0,0.0
SSI,10:09:58,Buy Up,10000,33900.0,0.0
SSI,10:09:57,Buy Up,100,33900.0,0.0
SSI,10:09:56,Buy Up,2000,33900.0,0.0
SSI,10:09:55,Buy Up,1500,33900.0,0.0
SSI,10:09:54,Buy Up,2000,33900.0,0.0
SSI,10:09:52,Buy Up,6500,33900.0,0.0
SSI,10:09:52,Buy Up,1000,33900.0,0.0
SSI,10:09:52,Buy Up,100,33900.0,0.0
SSI,10:09:52,Buy Up,100,33900.0,0.0
SSI,10:09:52,Buy Up,200,33900.0,0.0
SSI,10:09:52,Buy Up,900,33900.0,0.0
SSI,10:09:52,Buy Up,1200,33900.0,0.0
SSI,10:09:52,Buy Up,3000,33900.0,0.0
SSI,10:09:51,Buy Up,5800,33900.0,0.0
SSI,10:09:51,Buy Up,100,33900.0,0.0
SSI,10:09:51,Buy Up,100,33900.0,0.0
SSI,10:09:51,Buy Up,14300,33900.0,0.0
SSI,10:09:51,Buy Up,100,33900.0,0.0
SSI,10:09:51,Buy Up,200,33900.0,0.0
SSI,10:09:51,Buy Up,100,33900.0,0.0
SSI,10:09:51,Buy Up,300,33900.0,0.0
SSI,10:09:50,Buy Up,100,33900.0,0.0
SSI,10:09:49,Buy Up,1400,33900.0,0.0
SSI,10:09:49,Buy Up,500,33900.0,0.0
SSI,10:09:49,Buy Up,6100,33900.0,0.0
SSI,10:09:49,Buy Up,23900,33900.0,0.0
SSI,10:09:49,Buy Up,400,33900.0,0.0
SSI,10:09:49,Buy Up,100,33900.0,0.0
SSI,10:09:49,Buy Up,200,33900.0,0.0
SSI,10:09:49,Buy Up,1000,33900.0,0.0
SSI,10:09:49,Buy Up,74400,33900.0,0.0
SSI,10:09:47,Buy Up,10000,33900.0,0.0
SSI,10:09:46,Buy Up,15600,33900.0,0.0
SSI,10:09:46,Buy Up,200,33900.0,0.0
SSI,10:09:46,Buy Up,100,33900.0,0.0
SSI,10:09:46,Buy Up,100,33900.0,0.0
SSI,10:09:46,Buy Up,100,33900.0,0.0
SSI,10:09:46,Buy Up,500,33900.0,0.0
SSI,10:09:46,Buy Up,20000,33900.0,0.0
SSI,10:09:46,Buy Up,100,33900.0,0.0
SSI,10:09:46,Buy Up,300,33900.0,0.0
SSI,10:09:46,Buy Up,500,33900.0,0.0
SSI,10:09:46,Buy Up,200,33900.0,0.0
SSI,10:09:46,Buy Up,400,33900.0,0.0
SSI,10:09:46,Buy Up,1000,33900.0,0.0
SSI,10:09:46,Buy Up,100,33900.0,0.0
SSI,10:09:46,Buy Up,1000,33900.0,0.0
SSI,10:09:46,Buy Up,3000,33900.0,0.0
SSI,10:09:46,Buy Up,2000,33900.0,0.0
SSI,10:09:46,Buy Up,4000,33900.0,0.0
SSI,10:09:46,Buy Up,800,33900.0,50.0
SSI,10:09:46,Sell Down,1000,33850.0,-50.0
SSI,10:09:45,Buy Up,200,33900.0,0.0
SSI,10:09:45,Buy Up,1000,33900.0,0.0
SSI,10:09:45,Buy Up,800,33900.0,0.0
SSI,10:09:45,Buy Up,1200,33900.0,0.0
SSI,10:09:45,Buy Up,1000,33900.0,0.0
SSI,10:09:45,Buy Up,1000,33900.0,0.0
SSI,10:09:45,Buy Up,1000,33900.0,0.0
SSI,10:09:45,Buy Up,2000,33900.0,0.0
SSI,10:09:45,Buy Up,800,33900.0,0.0
SSI,10:09:45,Buy Up,100,33900.0,0.0
SSI,10:09:45,Buy Up,100,33900.0,0.0
SSI,10:09:45,Buy Up,600,33900.0,0.0
SSI,10:09:45,Buy Up,500,33900.0,0.0
SSI,10:09:45,Buy Up,500,33900.0,0.0
SSI,10:09:45,Buy Up,100,33900.0,0.0
SSI,10:09:45,Buy Up,100,33900.0,0.0
SSI,10:09:45,Buy Up,1000,33900.0,0.0
SSI,10:09:45,Buy Up,5000,33900.0,0.0
SSI,10:09:45,Buy Up,300,33900.0,0.0
SSI,10:09:45,Buy Up,100,33900.0,0.0
SSI,10:09:45,Buy Up,1000,33900.0,0.0
SSI,10:09:45,Buy Up,2000,33900.0,0.0
SSI,10:09:45,Buy Up,13300,33900.0,0.0
SSI,10:09:45,Buy Up,300,33900.0,0.0
SSI,10:09:45,Buy Up,100,33900.0,0.0
SSI,10:09:45,Buy Up,100,33900.0,0.0
SSI,10:09:45,Buy Up,5000,33900.0,0.0
SSI,10:09:45,Buy Up,10800,33900.0,0.0
SSI,10:09:45,Buy Up,6700,33900.0,0.0
SSI,10:09:45,Buy Up,7500,33900.0,0.0
SSI,10:09:45,Buy Up,1000,33900.0,0.0
SSI,10:09:45,Buy Up,100,33900.0,0.0
SSI,10:09:45,Buy Up,10000,33900.0,0.0
SSI,10:09:45,Buy Up,10000,33900.0,0.0
SSI,10:09:45,Buy Up,500,33900.0,0.0
SSI,10:09:45,Buy Up,500,33900.0,0.0
SSI,10:09:45,Buy Up,200,33900.0,0.0
SSI,10:09:45,Buy Up,100,33900.0,0.0
SSI,10:09:45,Buy Up,500,33900.0,0.0
SSI,10:09:45,Buy Up,500,33900.0,0.0
SSI,10:09:45,Buy Up,11800,33900.0,0.0
SSI,10:09:45,Buy Up,1000,33900.0,0.0
SSI,10:09:45,Buy Up,100,33900.0,0.0
SSI,10:09:45,Buy Up,500,33900.0,0.0
SSI,10:09:45,Buy Up,500,33900.0,0.0
SSI,10:09:45,Buy Up,100,33900.0,0.0
SSI,10:09:45,Buy Up,1000,33900.0,0.0
SSI,10:09:45,Buy Up,3000,33900.0,0.0
SSI,10:09:45,Buy Up,300,33900.0,0.0
SSI,10:09:45,Buy Up,1000,33900.0,0.0
SSI,10:09:45,Buy Up,1000,33900.0,0.0
SSI,10:09:45,Buy Up,100,33900.0,0.0
SSI,10:09:45,Buy Up,200,33900.0,0.0
SSI,10:09:45,Buy Up,2500,33900.0,0.0
SSI,10:09:45,Buy Up,1000,33900.0,0.0
SSI,10:09:45,Buy Up,1000,33900.0,0.0
SSI,10:09:45,Buy Up,5800,33900.0,0.0
SSI,10:09:45,Buy Up,100,33900.0,0.0
SSI,10:09:45,Buy Up,200,33900.0,0.0
SSI,10:09:45,Buy Up,1500,33900.0,0.0
SSI,10:09:45,Buy Up,36400,33900.0,50.0
SSI,10:09:45,Sell Down,2300,33850.0,0.0
SSI,10:09:41,Sell Down,200,33850.0,0.0
SSI,10:09:37,Sell Down,500,33850.0,0.0
SSI,10:09:37,Sell Down,800,33850.0,0.0
SSI,10:09:33,Sell Down,500,33850.0,0.0
SSI,10:09:32,Sell Down,200,33850.0,-50.0
SSI,10:09:29,Buy Up,10000,33900.0,50.0
SSI,10:09:29,Sell Down,100,33850.0,-50.0
SSI,10:09:28,Buy Up,3000,33900.0,50.0
SSI,10:09:28,Sell Down,500,33850.0,0.0
SSI,10:09:25,Sell Down,200,33850.0,0.0
SSI,10:09:25,Sell Down,100,33850.0,0.0
SSI,10:09:25,Sell Down,1000,33850.0,0.0
SSI,10:09:25,Sell Down,100,33850.0,0.0
SSI,10:09:25,Sell Down,500,33850.0,0.0
SSI,10:09:25,Sell Down,100,33850.0,0.0
SSI,10:09:25,Sell Down,1000,33850.0,0.0
SSI,10:09:25,Sell Down,5000,33850.0,0.0
SSI,10:09:25,Sell Down,500,33850.0,0.0
SSI,10:09:25,Sell Down,1700,33850.0,0.0
SSI,10:09:25,Sell Down,700,33850.0,0.0
SSI,10:09:25,Sell Down,2000,33850.0,0.0
SSI,10:09:25,Sell Down,15000,33850.0,0.0
SSI,10:09:25,Sell Down,10000,33850.0,0.0
SSI,10:09:25,Sell Down,2000,33850.0,0.0
SSI,10:09:25,Sell Down,15000,33850.0,0.0
SSI,10:09:25,Sell Down,300,33850.0,0.0
SSI,10:09:25,Sell Down,600,33850.0,0.0
SSI,10:09:25,Sell Down,2000,33850.0,0.0
SSI,10:09:25,Sell Down,100,33850.0,0.0
SSI,10:09:25,Sell Down,200,33850.0,0.0
SSI,10:09:25,Sell Down,500,33850.0,0.0
SSI,10:09:25,Sell Down,100,33850.0,0.0
SSI,10:09:25,Sell Down,1000,33850.0,0.0
SSI,10:09:25,Sell Down,200,33850.0,0.0
SSI,10:09:25,Sell Down,300,33850.0,0.0
SSI,10:09:25,Sell Down,1000,33850.0,0.0
SSI,10:09:25,Sell Down,500,33850.0,0.0
SSI,10:09:25,Sell Down,200,33850.0,0.0
SSI,10:09:25,Sell Down,1000,33850.0,0.0
SSI,10:09:25,Sell Down,200,33850.0,0.0
SSI,10:09:25,Sell Down,500,33850.0,0.0
SSI,10:09:25,Sell Down,300,33850.0,0.0
SSI,10:09:25,Sell Down,500,33850.0,0.0
SSI,10:09:25,Sell Down,500,33850.0,0.0
SSI,10:09:25,Sell Down,300,33850.0,0.0
SSI,10:09:25,Sell Down,2700,33850.0,0.0
SSI,10:09:25,Sell Down,100,33850.0,0.0
SSI,10:09:25,Buy Up,500,33850.0,0.0
SSI,10:09:25,Buy Up,200,33850.0,0.0
SSI,10:09:25,Buy Up,300,33850.0,0.0
SSI,10:09:25,Buy Up,20000,33850.0,0.0
SSI,10:09:25,Buy Up,1000,33850.0,0.0
SSI,10:09:25,Buy Up,600,33850.0,0.0
SSI,10:09:25,Buy Up,6200,33850.0,0.0
SSI,10:09:25,Buy Up,100,33850.0,0.0
SSI,10:09:25,Buy Up,100,33850.0,0.0
SSI,10:09:25,Buy Up,1000,33850.0,0.0
SSI,10:09:25,Buy Up,900,33850.0,0.0
SSI,10:09:25,Buy Up,100,33850.0,0.0
SSI,10:09:25,Buy Up,100,33850.0,0.0
SSI,10:09:25,Buy Up,100,33850.0,0.0
SSI,10:09:25,Buy Up,500,33850.0,0.0
SSI,10:09:25,Buy Up,500,33850.0,0.0
SSI,10:09:25,Buy Up,500,33850.0,0.0
SSI,10:09:25,Buy Up,1000,33850.0,0.0
SSI,10:09:25,Buy Up,1500,33850.0,0.0
SSI,10:09:25,Buy Up,3000,33850.0,0.0
SSI,10:09:25,Buy Up,900,33850.0,0.0
SSI,10:09:25,Buy Up,100,33850.0,0.0
SSI,10:09:25,Buy Up,200,33850.0,0.0
SSI,10:09:25,Buy Up,100,33850.0,0.0
SSI,10:09:25,Buy Up,900,33850.0,0.0
SSI,10:09:25,Buy Up,15000,33850.0,0.0
SSI,10:09:25,Buy Up,1000,33850.0,0.0
SSI,10:09:25,Buy Up,400,33850.0,0.0
SSI,10:09:25,Buy Up,100,33850.0,0.0
SSI,10:09:25,Buy Up,1000,33850.0,0.0
SSI,10:09:25,Buy Up,100,33850.0,0.0
SSI,10:09:25,Buy Up,300,33850.0,0.0
SSI,10:09:25,Buy Up,1000,33850.0,0.0
SSI,10:09:25,Buy Up,300,33850.0,0.0
SSI,10:09:25,Buy Up,200,33850.0,0.0
SSI,10:09:25,Buy Up,200,33850.0,0.0
SSI,10:09:25,Buy Up,2000,33850.0,0.0
SSI,10:09:25,Buy Up,100,33850.0,0.0
SSI,10:09:25,Buy Up,900,33850.0,0.0
SSI,10:09:25,Buy Up,20000,33850.0,0.0
SSI,10:09:25,Buy Up,2100,33850.0,0.0
SSI,10:09:25,Buy Up,300,33850.0,0.0
SSI,10:09:25,Buy Up,1000,33850.0,0.0
SSI,10:09:25,Buy Up,200,33850.0,0.0
SSI,10:09:25,Buy Up,100,33850.0,0.0
SSI,10:09:25,Buy Up,500,33850.0,0.0
SSI,10:09:25,Buy Up,100,33850.0,0.0
SSI,10:09:25,Buy Up,100,33850.0,0.0
SSI,10:09:25,Buy Up,100,33850.0,0.0
SSI,10:09:25,Buy Up,500,33850.0,0.0
SSI,10:09:25,Buy Up,500,33850.0,0.0
SSI,10:09:25,Buy Up,100,33850.0,0.0
SSI,10:09:25,Buy Up,1500,33850.0,0.0
SSI,10:09:25,Buy Up,200,33850.0,0.0
SSI,10:09:25,Buy Up,30000,33850.0,0.0
SSI,10:09:25,Buy Up,200,33850.0,0.0
SSI,10:09:25,Buy Up,300,33850.0,0.0
SSI,10:09:25,Buy Up,200,33850.0,0.0
SSI,10:09:25,Buy Up,2000,33850.0,0.0
SSI,10:09:25,Buy Up,200,33850.0,0.0
SSI,10:09:25,Buy Up,400,33850.0,0.0
SSI,10:09:25,Buy Up,1000,33850.0,0.0
SSI,10:09:25,Buy Up,800,33850.0,0.0
SSI,10:09:25,Buy Up,100000,33850.0,0.0
SSI,10:09:25,Buy Up,1000,33850.0,0.0
SSI,10:09:25,Buy Up,1000,33850.0,0.0
SSI,10:09:25,Buy Up,25000,33850.0,0.0
