ticker,time,orderType,volume,price,prevPriceChange
HTN,10:48:45,Buy Up,100.0,16200.0,0.0
HTN,10:48:45,Buy Up,4900.0,16200.0,0.0
HTN,10:48:22,Buy Up,100.0,16200.0,0.0
HTN,10:48:22,Buy Up,400.0,16200.0,0.0
HTN,10:48:03,Buy Up,800.0,16200.0,0.0
HTN,10:48:03,Buy Up,200.0,16200.0,0.0
HTN,10:47:44,Sell Down,300.0,16200.0,0.0
HTN,10:47:24,Buy Up,500.0,16200.0,0.0
HTN,10:47:14,Buy Up,700.0,16200.0,0.0
HTN,10:47:14,Buy Up,1300.0,16200.0,0.0
HTN,10:46:50,Buy Up,700.0,16200.0,0.0
HTN,10:46:49,Sell Down,1200.0,16200.0,0.0
HTN,10:46:49,Sell Down,700.0,16200.0,0.0
HTN,10:46:22,Sell Down,100.0,16200.0,0.0
HTN,10:46:18,Sell Down,1100.0,16200.0,0.0
HTN,10:46:17,Sell Down,1000.0,16200.0,0.0
HTN,10:46:15,Sell Down,700.0,16200.0,0.0
HTN,10:46:03,Sell Down,1400.0,16200.0,0.0
HTN,10:46:03,Sell Down,4200.0,16200.0,0.0
HTN,10:45:56,Sell Down,800.0,16200.0,0.0
HTN,10:45:56,Sell Down,400.0,16200.0,0.0
HTN,10:45:56,Sell Down,800.0,16200.0,0.0
HTN,10:45:49,Sell Down,6000.0,16200.0,0.0
HTN,10:45:44,Sell Down,10000.0,16200.0,0.0
HTN,10:45:43,Sell Down,3200.0,16200.0,0.0
HTN,10:45:42,Sell Down,100.0,16200.0,0.0
HTN,10:45:42,Sell Down,700.0,16200.0,0.0
HTN,10:45:33,Sell Down,300.0,16200.0,0.0
HTN,10:45:33,Sell Down,200.0,16200.0,0.0
HTN,10:45:31,Sell Down,800.0,16200.0,0.0
HTN,10:45:28,Buy Up,600.0,16200.0,0.0
HTN,10:45:22,Buy Up,3600.0,16200.0,0.0
HTN,10:45:16,Buy Up,1400.0,16200.0,0.0
HTN,10:45:14,Buy Up,800.0,16200.0,0.0
HTN,10:45:11,Buy Up,1000.0,16200.0,0.0
HTN,10:45:08,Sell Down,5000.0,16200.0,0.0
HTN,10:45:08,Sell Down,500.0,16200.0,0.0
HTN,10:45:08,Sell Down,500.0,16200.0,-50.0
HTN,10:45:08,Buy Up,200.0,16250.0,0.0
HTN,10:44:52,Buy Up,2000.0,16250.0,0.0
HTN,10:44:52,Buy Up,1400.0,16250.0,0.0
HTN,10:44:51,Buy Up,100.0,16250.0,0.0
HTN,10:44:51,Buy Up,100.0,16250.0,0.0
HTN,10:44:40,Buy Up,100.0,16250.0,0.0
HTN,10:44:40,Buy Up,500.0,16250.0,0.0
HTN,10:44:40,Buy Up,2000.0,16250.0,0.0
HTN,10:44:40,Buy Up,2000.0,16250.0,0.0
HTN,10:44:40,Buy Up,1000.0,16250.0,0.0
HTN,10:44:40,Buy Up,800.0,16250.0,0.0
HTN,10:44:40,Buy Up,100.0,16250.0,0.0
HTN,10:44:40,Buy Up,500.0,16250.0,0.0
HTN,10:44:40,Buy Up,2000.0,16250.0,0.0
HTN,10:44:40,Buy Up,1000.0,16250.0,50.0
HTN,10:44:32,Sell Down,100.0,16200.0,0.0
HTN,10:44:09,Buy Up,100.0,16200.0,0.0
HTN,10:44:09,Buy Up,100.0,16200.0,0.0
HTN,10:44:09,Buy Up,1800.0,16200.0,0.0
HTN,10:44:07,Buy Up,200.0,16200.0,0.0
HTN,10:44:05,Buy Up,100.0,16200.0,0.0
HTN,10:44:05,Buy Up,500.0,16200.0,0.0
HTN,10:44:05,Buy Up,300.0,16200.0,0.0
HTN,10:43:48,Buy Up,900.0,16200.0,0.0
HTN,10:43:32,Sell Down,3000.0,16200.0,0.0
HTN,10:43:32,Sell Down,200.0,16200.0,0.0
HTN,10:43:32,Sell Down,100.0,16200.0,0.0
HTN,10:42:54,Sell Down,100.0,16200.0,0.0
HTN,10:42:46,Sell Down,300.0,16200.0,0.0
HTN,10:42:41,Sell Down,100.0,16200.0,50.0
HTN,10:42:29,Sell Down,3100.0,16150.0,0.0
HTN,10:42:29,Sell Down,1000.0,16150.0,0.0
HTN,10:42:29,Sell Down,2100.0,16150.0,-50.0
HTN,10:42:29,Sell Down,2000.0,16200.0,0.0
HTN,10:42:29,Sell Down,500.0,16200.0,0.0
HTN,10:42:29,Sell Down,3000.0,16200.0,0.0
HTN,10:42:29,Sell Down,400.0,16200.0,0.0
HTN,10:42:29,Sell Down,100.0,16200.0,0.0
HTN,10:42:29,Sell Down,100.0,16200.0,0.0
HTN,10:42:29,Sell Down,1000.0,16200.0,0.0
HTN,10:42:29,Sell Down,500.0,16200.0,0.0
HTN,10:42:29,Sell Down,200.0,16200.0,0.0
HTN,10:42:29,Sell Down,700.0,16200.0,0.0
HTN,10:42:29,Sell Down,1000.0,16200.0,0.0
HTN,10:42:29,Sell Down,5500.0,16200.0,0.0
HTN,10:42:21,Buy Up,500.0,16200.0,0.0
HTN,10:42:21,Buy Up,500.0,16200.0,0.0
HTN,10:42:03,Buy Up,2500.0,16200.0,0.0
HTN,10:42:03,Buy Up,500.0,16200.0,50.0
HTN,10:41:59,Buy Up,400.0,16150.0,0.0
HTN,10:41:57,Buy Up,600.0,16150.0,0.0
HTN,10:41:55,Sell Down,1000.0,16150.0,-50.0
HTN,10:41:54,Buy Up,500.0,16200.0,0.0
HTN,10:41:54,Buy Up,100.0,16200.0,0.0
HTN,10:41:54,Buy Up,10100.0,16200.0,0.0
HTN,10:41:54,Buy Up,1000.0,16200.0,0.0
HTN,10:41:54,Buy Up,300.0,16200.0,0.0
HTN,10:41:54,Buy Up,400.0,16200.0,0.0
HTN,10:41:54,Buy Up,6100.0,16200.0,0.0
HTN,10:41:54,Buy Up,1000.0,16200.0,50.0
HTN,10:41:54,Buy Up,500.0,16150.0,0.0
HTN,10:41:53,Buy Up,1500.0,16150.0,0.0
HTN,10:41:53,Buy Up,500.0,16150.0,0.0
HTN,10:41:53,Buy Up,1900.0,16150.0,-50.0
HTN,10:41:45,Buy Up,19000.0,16200.0,0.0
HTN,10:41:45,Buy Up,1000.0,16200.0,50.0
HTN,10:41:36,Sell Down,100.0,16150.0,0.0
HTN,10:41:36,Sell Down,400.0,16150.0,0.0
HTN,10:41:28,Buy Up,200.0,16150.0,0.0
HTN,10:41:28,Buy Up,400.0,16150.0,0.0
HTN,10:41:25,Buy Up,100.0,16150.0,0.0
HTN,10:41:25,Buy Up,1000.0,16150.0,0.0
HTN,10:41:22,Buy Up,900.0,16150.0,0.0
HTN,10:41:17,Buy Up,100.0,16150.0,0.0
HTN,10:41:10,Buy Up,200.0,16150.0,0.0
HTN,10:41:09,Sell Down,500.0,16150.0,0.0
HTN,10:41:09,Sell Down,100.0,16150.0,0.0
HTN,10:41:09,Sell Down,600.0,16150.0,0.0
HTN,10:41:09,Sell Down,100.0,16150.0,0.0
HTN,10:41:03,Sell Down,200.0,16150.0,0.0
HTN,10:40:59,Sell Down,400.0,16150.0,0.0
HTN,10:40:53,Buy Up,3700.0,16150.0,0.0
HTN,10:40:49,Buy Up,500.0,16150.0,0.0
HTN,10:40:38,Sell Down,1500.0,16150.0,0.0
HTN,10:40:36,Buy Up,100.0,16150.0,0.0
HTN,10:40:36,Buy Up,100.0,16150.0,0.0
HTN,10:40:36,Buy Up,1000.0,16150.0,0.0
HTN,10:40:36,Buy Up,1000.0,16150.0,0.0
HTN,10:40:36,Buy Up,500.0,16150.0,0.0
HTN,10:40:36,Buy Up,2500.0,16150.0,0.0
HTN,10:40:36,Buy Up,100.0,16150.0,0.0
HTN,10:40:36,Buy Up,200.0,16150.0,50.0
HTN,10:40:26,Sell Down,100.0,16100.0,0.0
HTN,10:40:12,Sell Down,1800.0,16100.0,-50.0
HTN,10:40:07,Buy Up,800.0,16150.0,0.0
HTN,10:40:07,Buy Up,200.0,16150.0,50.0
HTN,10:40:03,Sell Down,1500.0,16100.0,0.0
HTN,10:40:03,Sell Down,100.0,16100.0,-50.0
HTN,10:40:02,Buy Up,800.0,16150.0,0.0
HTN,10:40:02,Buy Up,1000.0,16150.0,0.0
HTN,10:40:02,Buy Up,500.0,16150.0,0.0
HTN,10:40:02,Buy Up,200.0,16150.0,0.0
HTN,10:40:02,Buy Up,2000.0,16150.0,0.0
HTN,10:40:02,Buy Up,800.0,16150.0,0.0
HTN,10:40:02,Buy Up,100.0,16150.0,0.0
HTN,10:40:02,Buy Up,500.0,16150.0,0.0
HTN,10:40:02,Buy Up,500.0,16150.0,0.0
HTN,10:40:02,Buy Up,3000.0,16150.0,0.0
HTN,10:40:02,Buy Up,600.0,16150.0,50.0
HTN,10:39:45,Sell Down,400.0,16100.0,0.0
HTN,10:39:39,Sell Down,1000.0,16100.0,0.0
HTN,10:39:35,Sell Down,2900.0,16100.0,0.0
HTN,10:39:35,Sell Down,1000.0,16100.0,0.0
HTN,10:39:35,Sell Down,200.0,16100.0,0.0
HTN,10:39:35,Sell Down,200.0,16100.0,0.0
HTN,10:39:35,Sell Down,300.0,16100.0,0.0
HTN,10:39:35,Sell Down,100.0,16100.0,0.0
HTN,10:39:35,Sell Down,1000.0,16100.0,0.0
HTN,10:39:35,Sell Down,100.0,16100.0,0.0
HTN,10:39:35,Sell Down,400.0,16100.0,-50.0
HTN,10:39:34,Buy Up,500.0,16150.0,0.0
HTN,10:39:29,Buy Up,900.0,16150.0,0.0
HTN,10:39:29,Buy Up,2100.0,16150.0,50.0
HTN,10:39:22,Sell Down,2000.0,16100.0,0.0
HTN,10:39:19,Sell Down,600.0,16100.0,0.0
HTN,10:39:19,Sell Down,400.0,16100.0,0.0
HTN,10:39:18,Sell Down,2000.0,16100.0,0.0
HTN,10:39:05,Buy Up,100.0,16100.0,0.0
HTN,10:39:05,Buy Up,2500.0,16100.0,0.0
HTN,10:39:01,Buy Up,1500.0,16100.0,0.0
HTN,10:39:01,Buy Up,300.0,16100.0,0.0
HTN,10:38:59,Buy Up,700.0,16100.0,0.0
HTN,10:38:59,Buy Up,100.0,16100.0,0.0
HTN,10:38:59,Buy Up,200.0,16100.0,0.0
HTN,10:38:55,Buy Up,300.0,16100.0,0.0
HTN,10:38:55,Buy Up,100.0,16100.0,0.0
HTN,10:38:40,Buy Up,400.0,16100.0,0.0
HTN,10:38:40,Buy Up,200.0,16100.0,0.0
HTN,10:38:40,Buy Up,500.0,16100.0,0.0
HTN,10:38:40,Buy Up,100.0,16100.0,0.0
HTN,10:38:40,Buy Up,800.0,16100.0,0.0
HTN,10:38:34,Buy Up,1000.0,16100.0,0.0
HTN,10:38:32,Buy Up,1200.0,16100.0,0.0
HTN,10:38:32,Buy Up,800.0,16100.0,0.0
HTN,10:38:28,Buy Up,1200.0,16100.0,0.0
HTN,10:38:28,Buy Up,2000.0,16100.0,0.0
HTN,10:38:28,Buy Up,6800.0,16100.0,50.0
HTN,10:38:26,Sell Down,1200.0,16050.0,-50.0
HTN,10:38:25,Buy Up,1200.0,16100.0,0.0
HTN,10:38:25,Buy Up,1000.0,16100.0,0.0
HTN,10:38:25,Buy Up,300.0,16100.0,0.0
HTN,10:38:25,Buy Up,300.0,16100.0,0.0
HTN,10:38:25,Buy Up,2000.0,16100.0,0.0
HTN,10:38:25,Buy Up,200.0,16100.0,0.0
HTN,10:38:22,Buy Up,1800.0,16100.0,0.0
HTN,10:38:22,Buy Up,200.0,16100.0,50.0
HTN,10:38:13,Sell Down,400.0,16050.0,0.0
HTN,10:38:13,Sell Down,100.0,16050.0,-50.0
HTN,10:38:09,Buy Up,3000.0,16100.0,0.0
HTN,10:38:09,Buy Up,1200.0,16100.0,50.0
HTN,10:37:46,Sell Down,100.0,16050.0,0.0
HTN,10:37:22,Sell Down,500.0,16050.0,0.0
HTN,10:37:14,Sell Down,500.0,16050.0,0.0
HTN,10:36:29,Sell Down,500.0,16050.0,-50.0
HTN,10:36:26,Buy Up,200.0,16100.0,50.0
HTN,10:36:25,Sell Down,1500.0,16050.0,0.0
HTN,10:36:12,Sell Down,500.0,16050.0,0.0
HTN,10:36:06,Sell Down,300.0,16050.0,0.0
HTN,10:36:06,Buy Up,500.0,16050.0,0.0
HTN,10:35:48,Buy Up,300.0,16050.0,0.0
HTN,10:35:33,Buy Up,500.0,16050.0,0.0
HTN,10:35:33,Buy Up,1000.0,16050.0,0.0
HTN,10:35:33,Buy Up,200.0,16050.0,0.0
HTN,10:35:21,Sell Down,300.0,16050.0,0.0
HTN,10:35:10,Buy Up,500.0,16050.0,0.0
HTN,10:35:10,Buy Up,500.0,16050.0,0.0
HTN,10:35:10,Buy Up,2000.0,16050.0,0.0
HTN,10:35:10,Buy Up,1000.0,16050.0,50.0
HTN,10:34:52,Sell Down,1500.0,16000.0,-50.0
HTN,10:34:40,Buy Up,1000.0,16050.0,50.0
HTN,10:34:38,Sell Down,1500.0,16000.0,0.0
HTN,10:34:38,Sell Down,500.0,16000.0,0.0
HTN,10:34:31,Sell Down,2200.0,16000.0,-50.0
HTN,10:34:22,Buy Up,100.0,16050.0,50.0
HTN,10:34:08,Sell Down,2300.0,16000.0,0.0
HTN,10:34:00,Buy Up,1000.0,16000.0,0.0
HTN,10:33:57,Buy Up,400.0,16000.0,0.0
HTN,10:33:47,Buy Up,500.0,16000.0,0.0
HTN,10:33:47,Buy Up,1800.0,16000.0,0.0
HTN,10:33:47,Buy Up,500.0,16000.0,0.0
HTN,10:33:47,Buy Up,800.0,16000.0,0.0
HTN,10:33:47,Buy Up,3000.0,16000.0,0.0
HTN,10:33:47,Buy Up,200.0,16000.0,0.0
HTN,10:33:47,Buy Up,2800.0,16000.0,0.0
HTN,10:33:43,Buy Up,2200.0,16000.0,0.0
HTN,10:33:43,Buy Up,1000.0,16000.0,0.0
HTN,10:33:43,Buy Up,400.0,16000.0,0.0
HTN,10:33:43,Buy Up,400.0,16000.0,50.0
HTN,10:33:39,Sell Down,1900.0,15950.0,-50.0
HTN,10:33:34,Buy Up,300.0,16000.0,0.0
HTN,10:33:34,Buy Up,1000.0,16000.0,0.0
HTN,10:33:34,Buy Up,1100.0,16000.0,0.0
HTN,10:33:34,Buy Up,2100.0,16000.0,0.0
HTN,10:33:34,Buy Up,500.0,16000.0,0.0
HTN,10:33:33,Buy Up,1200.0,16000.0,0.0
HTN,10:33:30,Buy Up,500.0,16000.0,0.0
HTN,10:33:24,Buy Up,100.0,16000.0,0.0
HTN,10:33:22,Buy Up,5000.0,16000.0,0.0
HTN,10:33:04,Buy Up,1000.0,16000.0,50.0
HTN,10:28:40,Sell Down,100.0,15950.0,0.0
HTN,10:28:40,Sell Down,100.0,15950.0,-50.0
HTN,10:27:43,Buy Up,100.0,16000.0,0.0
HTN,10:27:43,Buy Up,100.0,16000.0,50.0
HTN,10:27:05,Sell Down,300.0,15950.0,0.0
HTN,10:26:53,Sell Down,100.0,15950.0,0.0
HTN,10:24:53,Sell Down,400.0,15950.0,0.0
HTN,10:24:21,Sell Down,1100.0,15950.0,0.0
HTN,10:23:09,Sell Down,100.0,15950.0,0.0
HTN,10:22:32,Sell Down,400.0,15950.0,0.0
HTN,10:22:18,Sell Down,1000.0,15950.0,0.0
HTN,10:22:08,Sell Down,3000.0,15950.0,0.0
HTN,10:20:34,Sell Down,900.0,15950.0,-50.0
HTN,10:20:19,Buy Up,1000.0,16000.0,50.0
HTN,10:20:08,Sell Down,500.0,15950.0,0.0
HTN,10:19:54,Sell Down,900.0,15950.0,0.0
HTN,10:19:40,Sell Down,800.0,15950.0,-50.0
HTN,10:19:23,Buy Up,2900.0,16000.0,0.0
HTN,10:19:23,Buy Up,2100.0,16000.0,50.0
HTN,10:19:10,Sell Down,200.0,15950.0,-50.0
HTN,10:18:59,Buy Up,500.0,16000.0,50.0
HTN,10:18:56,Sell Down,200.0,15950.0,0.0
HTN,10:18:56,Sell Down,800.0,15950.0,-50.0
HTN,10:18:42,Buy Up,1400.0,16000.0,0.0
HTN,10:18:31,Buy Up,1000.0,16000.0,50.0
HTN,10:17:40,Sell Down,400.0,15950.0,-50.0
HTN,10:17:36,Buy Up,100.0,16000.0,0.0
HTN,10:17:17,Buy Up,300.0,16000.0,0.0
HTN,10:17:06,Buy Up,400.0,16000.0,50.0
HTN,10:16:13,Sell Down,200.0,15950.0,0.0
HTN,10:16:02,Sell Down,100.0,15950.0,0.0
HTN,10:14:52,Sell Down,400.0,15950.0,0.0
HTN,10:13:47,Sell Down,900.0,15950.0,0.0
HTN,10:13:25,Sell Down,200.0,15950.0,0.0
HTN,10:13:25,Sell Down,200.0,15950.0,0.0
HTN,10:13:25,Sell Down,500.0,15950.0,0.0
HTN,10:13:25,Sell Down,200.0,15950.0,0.0
HTN,10:13:25,Sell Down,2000.0,15950.0,-50.0
HTN,10:13:08,Buy Up,200.0,16000.0,0.0
HTN,10:13:08,Buy Up,8000.0,16000.0,0.0
HTN,10:13:08,Buy Up,100.0,16000.0,0.0
HTN,10:13:08,Buy Up,1000.0,16000.0,0.0
HTN,10:13:08,Buy Up,700.0,16000.0,50.0
HTN,10:12:12,Sell Down,400.0,15950.0,0.0
HTN,10:09:37,Sell Down,1200.0,15950.0,0.0
HTN,10:09:25,Sell Down,400.0,15950.0,0.0
HTN,10:09:25,Sell Down,1600.0,15950.0,0.0
HTN,10:09:13,Sell Down,1500.0,15950.0,0.0
HTN,10:09:05,Sell Down,100.0,15950.0,0.0
HTN,10:09:01,Sell Down,500.0,15950.0,0.0
HTN,10:08:13,Sell Down,500.0,15950.0,0.0
HTN,10:07:18,Sell Down,800.0,15950.0,0.0
HTN,10:07:18,Sell Down,100.0,15950.0,0.0
HTN,10:06:22,Sell Down,900.0,15950.0,0.0
HTN,10:06:22,Sell Down,200.0,15950.0,0.0
HTN,10:06:22,Sell Down,300.0,15950.0,0.0
HTN,10:06:22,Sell Down,100.0,15950.0,0.0
HTN,10:05:58,Sell Down,900.0,15950.0,0.0
HTN,10:05:58,Sell Down,600.0,15950.0,0.0
HTN,10:05:25,Sell Down,4300.0,15950.0,0.0
HTN,10:05:09,Sell Down,1000.0,15950.0,0.0
HTN,10:05:03,Sell Down,500.0,15950.0,0.0
HTN,10:04:45,Sell Down,500.0,15950.0,0.0
HTN,10:03:32,Sell Down,2000.0,15950.0,0.0
HTN,10:03:20,Sell Down,500.0,15950.0,0.0
HTN,10:03:13,Sell Down,600.0,15950.0,0.0
HTN,10:03:13,Sell Down,4400.0,15950.0,0.0
HTN,10:02:37,Sell Down,1300.0,15950.0,-50.0
HTN,10:02:07,Buy Up,300.0,16000.0,0.0
HTN,10:02:07,Buy Up,700.0,16000.0,0.0
HTN,10:02:07,Buy Up,1000.0,16000.0,0.0
HTN,10:00:55,Buy Up,100.0,16000.0,0.0
HTN,10:00:55,Buy Up,1300.0,16000.0,0.0
HTN,10:00:55,Buy Up,100.0,16000.0,0.0
HTN,10:00:38,Buy Up,200.0,16000.0,0.0
HTN,10:00:31,Buy Up,600.0,16000.0,0.0
HTN,10:00:03,Buy Up,100.0,16000.0,0.0
HTN,09:59:28,Buy Up,100.0,16000.0,0.0
HTN,09:59:07,Buy Up,500.0,16000.0,0.0
HTN,09:58:58,Sell Down,2000.0,16000.0,0.0
HTN,09:58:58,Sell Down,100.0,16000.0,0.0
HTN,09:58:57,Sell Down,200.0,16000.0,0.0
HTN,09:58:57,Sell Down,200.0,16000.0,0.0
HTN,09:58:57,Sell Down,100.0,16000.0,0.0
HTN,09:58:51,Sell Down,1000.0,16000.0,0.0
HTN,09:58:39,Sell Down,500.0,16000.0,0.0
HTN,09:58:35,Sell Down,400.0,16000.0,0.0
HTN,09:58:35,Sell Down,300.0,16000.0,0.0
HTN,09:58:35,Sell Down,300.0,16000.0,0.0
HTN,09:58:35,Sell Down,200.0,16000.0,0.0
HTN,09:58:23,Sell Down,100.0,16000.0,0.0
HTN,09:58:23,Sell Down,100.0,16000.0,0.0
HTN,09:58:23,Sell Down,500.0,16000.0,0.0
HTN,09:58:21,Sell Down,1000.0,16000.0,0.0
HTN,09:58:08,Sell Down,1000.0,16000.0,0.0
HTN,09:57:42,Sell Down,600.0,16000.0,0.0
HTN,09:57:18,Sell Down,500.0,16000.0,0.0
HTN,09:57:14,Sell Down,100.0,16000.0,0.0
HTN,09:56:58,Sell Down,500.0,16000.0,0.0
HTN,09:56:44,Sell Down,400.0,16000.0,0.0
HTN,09:56:36,Buy Up,300.0,16000.0,0.0
HTN,09:56:34,Buy Up,1000.0,16000.0,0.0
HTN,09:56:23,Buy Up,800.0,16000.0,0.0
HTN,09:56:08,Sell Down,400.0,16000.0,0.0
HTN,09:55:58,Buy Up,100.0,16000.0,0.0
HTN,09:55:58,Buy Up,500.0,16000.0,0.0
HTN,09:55:43,Buy Up,500.0,16000.0,0.0
HTN,09:55:43,Buy Up,900.0,16000.0,0.0
HTN,09:55:38,Buy Up,1000.0,16000.0,50.0
HTN,09:55:37,Sell Down,1300.0,15950.0,0.0
HTN,09:55:37,Sell Down,1000.0,15950.0,0.0
HTN,09:55:37,Sell Down,100.0,15950.0,0.0
HTN,09:55:37,Sell Down,1000.0,15950.0,0.0
HTN,09:55:37,Sell Down,1000.0,15950.0,-50.0
HTN,09:55:32,Buy Up,100.0,16000.0,0.0
HTN,09:55:32,Buy Up,200.0,16000.0,0.0
HTN,09:55:32,Buy Up,700.0,16000.0,0.0
HTN,09:55:04,Buy Up,300.0,16000.0,0.0
HTN,09:55:04,Buy Up,700.0,16000.0,0.0
HTN,09:55:00,Buy Up,1300.0,16000.0,0.0
HTN,09:55:00,Buy Up,3000.0,16000.0,0.0
HTN,09:55:00,Buy Up,200.0,16000.0,0.0
HTN,09:55:00,Buy Up,300.0,16000.0,0.0
HTN,09:55:00,Buy Up,200.0,16000.0,0.0
HTN,09:54:07,Buy Up,300.0,16000.0,0.0
HTN,09:54:07,Buy Up,1000.0,16000.0,0.0
HTN,09:54:07,Buy Up,200.0,16000.0,0.0
HTN,09:54:07,Buy Up,500.0,16000.0,50.0
HTN,09:53:56,Sell Down,2400.0,15950.0,0.0
HTN,09:53:56,Sell Down,900.0,15950.0,0.0
HTN,09:53:56,Sell Down,1900.0,15950.0,0.0
HTN,09:53:56,Sell Down,1200.0,15950.0,0.0
HTN,09:53:56,Sell Down,700.0,15950.0,0.0
HTN,09:53:22,Sell Down,1000.0,15950.0,0.0
HTN,09:52:47,Sell Down,100.0,15950.0,0.0
HTN,09:52:46,Sell Down,1800.0,15950.0,0.0
HTN,09:52:05,Sell Down,300.0,15950.0,0.0
HTN,09:51:50,Sell Down,1100.0,15950.0,50.0
HTN,09:51:49,Sell Down,1000.0,15900.0,0.0
HTN,09:51:17,Sell Down,400.0,15900.0,0.0
HTN,09:51:17,Sell Down,100.0,15900.0,0.0
HTN,09:51:17,Sell Down,2000.0,15900.0,0.0
HTN,09:51:17,Sell Down,500.0,15900.0,0.0
HTN,09:51:17,Sell Down,500.0,15900.0,0.0
HTN,09:51:17,Sell Down,500.0,15900.0,0.0
HTN,09:50:50,Buy Up,300.0,15900.0,0.0
HTN,09:50:50,Buy Up,200.0,15900.0,0.0
HTN,09:50:50,Buy Up,500.0,15900.0,0.0
HTN,09:50:43,Buy Up,5000.0,15900.0,0.0
HTN,09:50:31,Buy Up,100.0,15900.0,0.0
HTN,09:50:28,Sell Down,3000.0,15900.0,0.0
HTN,09:50:28,Sell Down,500.0,15900.0,0.0
HTN,09:50:28,Sell Down,2000.0,15900.0,0.0
HTN,09:50:28,Sell Down,2000.0,15900.0,0.0
HTN,09:50:28,Sell Down,300.0,15900.0,0.0
HTN,09:50:28,Sell Down,400.0,15900.0,-50.0
HTN,09:50:24,Buy Up,900.0,15950.0,0.0
HTN,09:50:24,Buy Up,1000.0,15950.0,0.0
HTN,09:50:24,Buy Up,200.0,15950.0,50.0
HTN,09:50:23,Sell Down,600.0,15900.0,0.0
HTN,09:50:23,Sell Down,1400.0,15900.0,0.0
HTN,09:50:12,Sell Down,600.0,15900.0,0.0
HTN,09:50:12,Sell Down,1400.0,15900.0,-50.0
HTN,09:50:09,Buy Up,1200.0,15950.0,0.0
HTN,09:50:09,Buy Up,300.0,15950.0,50.0
HTN,09:50:07,Sell Down,600.0,15900.0,0.0
HTN,09:50:07,Sell Down,500.0,15900.0,0.0
HTN,09:50:07,Sell Down,6200.0,15900.0,0.0
HTN,09:50:07,Sell Down,400.0,15900.0,0.0
HTN,09:50:07,Sell Down,600.0,15900.0,0.0
HTN,09:50:07,Sell Down,21700.0,15900.0,-50.0
HTN,09:49:52,Buy Up,5000.0,15950.0,0.0
HTN,09:49:50,Buy Up,3200.0,15950.0,0.0
HTN,09:49:47,Buy Up,5000.0,15950.0,50.0
HTN,09:49:42,Sell Down,200.0,15900.0,-50.0
HTN,09:49:37,Buy Up,1500.0,15950.0,0.0
HTN,09:49:37,Buy Up,500.0,15950.0,50.0
HTN,09:49:29,Sell Down,300.0,15900.0,0.0
HTN,09:49:15,Sell Down,2000.0,15900.0,-50.0
HTN,09:49:14,Buy Up,1000.0,15950.0,50.0
HTN,09:49:12,Sell Down,200.0,15900.0,0.0
HTN,09:48:59,Sell Down,700.0,15900.0,0.0
HTN,09:48:59,Sell Down,500.0,15900.0,0.0
HTN,09:48:59,Sell Down,1400.0,15900.0,0.0
HTN,09:48:59,Sell Down,1000.0,15900.0,0.0
HTN,09:48:59,Sell Down,800.0,15900.0,0.0
HTN,09:48:42,Sell Down,1200.0,15900.0,0.0
HTN,09:48:42,Sell Down,2000.0,15900.0,0.0
HTN,09:48:42,Sell Down,1000.0,15900.0,0.0
HTN,09:48:42,Sell Down,5000.0,15900.0,0.0
HTN,09:48:42,Sell Down,2000.0,15900.0,0.0
HTN,09:48:42,Sell Down,800.0,15900.0,0.0
HTN,09:48:42,Sell Down,700.0,15900.0,0.0
HTN,09:48:42,Sell Down,200.0,15900.0,0.0
HTN,09:48:42,Sell Down,7100.0,15900.0,0.0
HTN,09:48:25,Sell Down,10000.0,15900.0,0.0
HTN,09:48:21,Buy Up,1000.0,15900.0,0.0
HTN,09:48:21,Buy Up,8000.0,15900.0,0.0
HTN,09:48:21,Buy Up,2000.0,15900.0,0.0
HTN,09:48:21,Buy Up,1900.0,15900.0,0.0
HTN,09:48:21,Buy Up,10000.0,15900.0,0.0
HTN,09:48:20,Buy Up,5000.0,15900.0,0.0
HTN,09:48:19,Buy Up,20000.0,15900.0,0.0
HTN,09:48:18,Buy Up,10000.0,15900.0,0.0
HTN,09:48:14,Buy Up,500.0,15900.0,50.0
HTN,09:48:13,Sell Down,2200.0,15850.0,-50.0
HTN,09:48:12,Buy Up,4000.0,15900.0,0.0
HTN,09:48:08,Buy Up,10000.0,15900.0,0.0
HTN,09:48:05,Buy Up,100.0,15900.0,0.0
HTN,09:48:04,Buy Up,10000.0,15900.0,0.0
HTN,09:47:59,Buy Up,5500.0,15900.0,50.0
HTN,09:47:57,Sell Down,700.0,15850.0,0.0
HTN,09:47:57,Sell Down,800.0,15850.0,0.0
HTN,09:47:44,Sell Down,2500.0,15850.0,0.0
HTN,09:47:42,Sell Down,300.0,15850.0,0.0
HTN,09:47:34,Sell Down,1000.0,15850.0,0.0
HTN,09:47:34,Sell Down,300.0,15850.0,0.0
HTN,09:47:34,Sell Down,1300.0,15850.0,-50.0
HTN,09:47:25,Buy Up,200.0,15900.0,0.0
HTN,09:47:18,Buy Up,900.0,15900.0,50.0
HTN,09:47:15,Sell Down,3700.0,15850.0,-50.0
HTN,09:47:15,Buy Up,3000.0,15900.0,0.0
HTN,09:47:12,Buy Up,2000.0,15900.0,0.0
HTN,09:47:02,Buy Up,1900.0,15900.0,50.0
HTN,09:47:01,Sell Down,2600.0,15850.0,-50.0
HTN,09:46:57,Buy Up,2000.0,15900.0,0.0
HTN,09:46:45,Buy Up,10000.0,15900.0,50.0
HTN,09:46:18,Sell Down,4300.0,15850.0,-50.0
HTN,09:46:01,Buy Up,4000.0,15900.0,50.0
HTN,09:46:00,Sell Down,3100.0,15850.0,0.0
HTN,09:46:00,Sell Down,2900.0,15850.0,-50.0
HTN,09:45:27,Buy Up,1000.0,15900.0,0.0
HTN,09:45:21,Buy Up,20000.0,15900.0,50.0
HTN,09:45:01,Sell Down,200.0,15850.0,0.0
HTN,09:44:45,Sell Down,3900.0,15850.0,-50.0
HTN,09:44:42,Buy Up,200.0,15900.0,0.0
HTN,09:44:19,Buy Up,1000.0,15900.0,50.0
HTN,09:44:04,Sell Down,300.0,15850.0,0.0
HTN,09:44:04,Sell Down,2700.0,15850.0,0.0
HTN,09:43:58,Buy Up,1000.0,15850.0,0.0
HTN,09:43:57,Buy Up,5000.0,15850.0,0.0
HTN,09:43:48,Buy Up,100.0,15850.0,0.0
HTN,09:43:43,Buy Up,200.0,15850.0,0.0
HTN,09:43:42,Buy Up,300.0,15850.0,0.0
HTN,09:43:41,Buy Up,1000.0,15850.0,0.0
HTN,09:43:36,Buy Up,200.0,15850.0,0.0
HTN,09:43:28,Buy Up,1200.0,15850.0,0.0
HTN,09:43:16,Buy Up,500.0,15850.0,50.0
HTN,09:42:44,Sell Down,300.0,15800.0,0.0
HTN,09:41:44,Sell Down,900.0,15800.0,0.0
HTN,09:41:21,Sell Down,500.0,15800.0,0.0
HTN,09:41:21,Sell Down,100.0,15800.0,0.0
HTN,09:41:21,Sell Down,500.0,15800.0,0.0
HTN,09:41:21,Sell Down,1900.0,15800.0,-50.0
HTN,09:41:19,Buy Up,500.0,15850.0,0.0
HTN,09:41:19,Buy Up,1500.0,15850.0,0.0
HTN,09:41:03,Buy Up,200.0,15850.0,0.0
HTN,09:40:53,Buy Up,1000.0,15850.0,0.0
HTN,09:40:50,Buy Up,1000.0,15850.0,0.0
HTN,09:40:50,Buy Up,2000.0,15850.0,0.0
HTN,09:40:50,Buy Up,100.0,15850.0,0.0
HTN,09:40:50,Buy Up,100.0,15850.0,0.0
HTN,09:40:50,Buy Up,500.0,15850.0,0.0
HTN,09:40:50,Buy Up,2100.0,15850.0,0.0
HTN,09:39:55,Sell Down,800.0,15850.0,0.0
HTN,09:39:52,Buy Up,1300.0,15850.0,0.0
HTN,09:39:52,Buy Up,200.0,15850.0,0.0
HTN,09:39:35,Buy Up,100.0,15850.0,50.0
HTN,09:38:39,Sell Down,3000.0,15800.0,-50.0
HTN,09:37:55,Sell Down,100.0,15850.0,0.0
HTN,09:37:55,Sell Down,400.0,15850.0,0.0
HTN,09:37:53,Sell Down,200.0,15850.0,0.0
HTN,09:37:35,Sell Down,500.0,15850.0,0.0
HTN,09:37:35,Sell Down,500.0,15850.0,0.0
HTN,09:37:20,Sell Down,2300.0,15850.0,0.0
HTN,09:37:20,Sell Down,500.0,15850.0,0.0
HTN,09:37:20,Sell Down,200.0,15850.0,0.0
HTN,09:36:40,Buy Up,800.0,15850.0,0.0
HTN,09:36:34,Buy Up,200.0,15850.0,0.0
HTN,09:36:34,Buy Up,200.0,15850.0,0.0
HTN,09:36:23,Buy Up,2500.0,15850.0,0.0
HTN,09:36:23,Buy Up,4800.0,15850.0,0.0
HTN,09:36:23,Buy Up,200.0,15850.0,50.0
HTN,09:35:57,Sell Down,100.0,15800.0,0.0
HTN,09:35:57,Sell Down,800.0,15800.0,0.0
HTN,09:35:57,Sell Down,500.0,15800.0,0.0
HTN,09:35:57,Sell Down,100.0,15800.0,0.0
HTN,09:35:56,Sell Down,100.0,15800.0,-50.0
HTN,09:35:03,Buy Up,400.0,15850.0,0.0
HTN,09:34:39,Sell Down,1000.0,15850.0,0.0
HTN,09:34:39,Sell Down,500.0,15850.0,0.0
HTN,09:34:39,Sell Down,500.0,15850.0,0.0
HTN,09:34:39,Sell Down,500.0,15850.0,0.0
HTN,09:34:39,Sell Down,200.0,15850.0,0.0
HTN,09:34:39,Sell Down,700.0,15850.0,0.0
HTN,09:33:32,Sell Down,300.0,15850.0,0.0
HTN,09:33:32,Sell Down,500.0,15850.0,0.0
HTN,09:33:32,Sell Down,700.0,15850.0,0.0
HTN,09:33:18,Sell Down,400.0,15850.0,0.0
HTN,09:33:17,Sell Down,500.0,15850.0,-50.0
HTN,09:33:15,Buy Up,4000.0,15900.0,50.0
HTN,09:33:04,Sell Down,1800.0,15850.0,0.0
HTN,09:31:19,Sell Down,200.0,15850.0,0.0
HTN,09:31:10,Sell Down,5000.0,15850.0,0.0
HTN,09:30:50,Sell Down,200.0,15850.0,0.0
HTN,09:30:03,Sell Down,200.0,15850.0,0.0
HTN,09:29:56,Sell Down,200.0,15850.0,0.0
HTN,09:29:43,Sell Down,500.0,15850.0,0.0
HTN,09:29:26,Sell Down,300.0,15850.0,0.0
HTN,09:29:26,Sell Down,200.0,15850.0,0.0
HTN,09:29:26,Sell Down,200.0,15850.0,0.0
HTN,09:29:20,Sell Down,800.0,15850.0,0.0
HTN,09:29:20,Sell Down,200.0,15850.0,0.0
HTN,09:28:54,Sell Down,100.0,15850.0,0.0
HTN,09:28:29,Sell Down,700.0,15850.0,0.0
HTN,09:28:29,Sell Down,1000.0,15850.0,0.0
HTN,09:28:29,Sell Down,300.0,15850.0,0.0
HTN,09:28:23,Sell Down,200.0,15850.0,0.0
HTN,09:27:34,Sell Down,800.0,15850.0,0.0
HTN,09:26:59,Sell Down,200.0,15850.0,0.0
HTN,09:26:59,Sell Down,2800.0,15850.0,0.0
HTN,09:26:31,Sell Down,3500.0,15850.0,0.0
HTN,09:25:51,Sell Down,1000.0,15850.0,-50.0
HTN,09:24:46,Buy Up,5000.0,15900.0,50.0
HTN,09:23:49,Sell Down,200.0,15850.0,0.0
HTN,09:23:34,Sell Down,1000.0,15850.0,-50.0
HTN,09:23:29,Buy Up,500.0,15900.0,50.0
HTN,09:22:44,Sell Down,1500.0,15850.0,0.0
HTN,09:22:44,Sell Down,1000.0,15850.0,0.0
HTN,09:22:44,Sell Down,100.0,15850.0,0.0
HTN,09:22:44,Sell Down,400.0,15850.0,0.0
HTN,09:22:28,Sell Down,100.0,15850.0,0.0
HTN,09:22:28,Sell Down,3900.0,15850.0,-50.0
HTN,09:22:16,Buy Up,200.0,15900.0,50.0
HTN,09:22:15,Sell Down,200.0,15850.0,0.0
HTN,09:22:12,Sell Down,900.0,15850.0,0.0
HTN,09:22:12,Sell Down,100.0,15850.0,0.0
HTN,09:22:12,Sell Down,500.0,15850.0,0.0
HTN,09:22:12,Sell Down,300.0,15850.0,0.0
HTN,09:22:12,Sell Down,8000.0,15850.0,0.0
HTN,09:22:12,Sell Down,500.0,15850.0,0.0
HTN,09:22:12,Sell Down,4700.0,15850.0,-50.0
HTN,09:22:02,Buy Up,300.0,15900.0,50.0
HTN,09:20:55,Sell Down,300.0,15850.0,0.0
HTN,09:19:42,Sell Down,200.0,15850.0,0.0
HTN,09:19:42,Sell Down,1000.0,15850.0,0.0
HTN,09:19:42,Sell Down,600.0,15850.0,0.0
HTN,09:19:19,Sell Down,100.0,15850.0,-50.0
HTN,09:19:00,Buy Up,5000.0,15900.0,0.0
HTN,09:18:33,Buy Up,100.0,15900.0,50.0
HTN,09:17:52,Sell Down,300.0,15850.0,0.0
HTN,09:17:52,Sell Down,100.0,15850.0,0.0
HTN,09:17:41,Sell Down,2000.0,15850.0,-50.0
HTN,09:17:38,Buy Up,100.0,15900.0,0.0
HTN,09:17:28,Buy Up,1000.0,15900.0,50.0
HTN,09:17:24,Sell Down,2000.0,15850.0,-50.0
HTN,09:17:20,Buy Up,3000.0,15900.0,0.0
HTN,09:17:17,Buy Up,100.0,15900.0,50.0
HTN,09:16:19,Sell Down,300.0,15850.0,0.0
HTN,09:16:03,Sell Down,600.0,15850.0,-50.0
HTN,09:15:40,Buy Up,800.0,15900.0,0.0
HTN,09:15:40,Buy Up,200.0,15900.0,0.0
HTN,09:15:40,Buy Up,100.0,15900.0,0.0
HTN,09:15:37,Buy Up,200.0,15900.0,0.0
HTN,09:15:36,Buy Up,200.0,15900.0,0.0
HTN,09:15:00,,4500.0,15900.0,0.0
