ticker,time,orderType,volume,price,prevPriceChange
CTR,13:26:09,Sell Down,100.0,92900.0,0.0
CTR,13:25:28,Sell Down,300.0,92900.0,0.0
CTR,13:24:46,Sell Down,100.0,92900.0,0.0
CTR,13:23:46,Buy Up,100.0,92900.0,0.0
CTR,13:23:46,Buy Up,1500.0,92900.0,0.0
CTR,13:23:39,Buy Up,100.0,92900.0,0.0
CTR,13:22:08,Buy Up,600.0,92900.0,0.0
CTR,13:22:08,Buy Up,300.0,92900.0,0.0
CTR,13:22:00,Sell Down,100.0,92900.0,0.0
CTR,13:21:00,Sell Down,100.0,92900.0,0.0
CTR,13:21:00,Sell Down,100.0,92900.0,0.0
CTR,13:20:59,Sell Down,100.0,92900.0,0.0
CTR,13:20:59,Sell Down,200.0,92900.0,-100.0
CTR,13:20:29,Buy Up,100.0,93000.0,100.0
CTR,13:20:25,Sell Down,100.0,92900.0,-100.0
CTR,13:19:51,Buy Up,1200.0,93000.0,0.0
CTR,13:19:36,Buy Up,4700.0,93000.0,0.0
CTR,13:19:36,Buy Up,100.0,93000.0,0.0
CTR,13:19:36,Buy Up,200.0,93000.0,0.0
CTR,13:19:24,Buy Up,100.0,93000.0,0.0
CTR,13:19:24,Buy Up,300.0,93000.0,0.0
CTR,13:18:35,Buy Up,100.0,93000.0,0.0
CTR,13:17:31,Buy Up,100.0,93000.0,0.0
CTR,13:17:31,Buy Up,900.0,93000.0,0.0
CTR,13:17:23,Buy Up,1100.0,93000.0,0.0
CTR,13:17:23,Buy Up,100.0,93000.0,0.0
CTR,13:17:23,Buy Up,800.0,93000.0,100.0
CTR,13:17:09,Buy Up,100.0,92900.0,-100.0
CTR,13:17:09,Buy Up,3200.0,93000.0,0.0
CTR,13:17:09,Buy Up,100.0,93000.0,0.0
CTR,13:17:09,Buy Up,1000.0,93000.0,0.0
CTR,13:17:09,Buy Up,2000.0,93000.0,0.0
CTR,13:17:09,Buy Up,400.0,93000.0,0.0
CTR,13:17:09,Buy Up,100.0,93000.0,0.0
CTR,13:17:09,Buy Up,3000.0,93000.0,0.0
CTR,13:17:09,Buy Up,100.0,93000.0,100.0
CTR,13:16:51,Buy Up,100.0,92900.0,0.0
CTR,13:16:51,Buy Up,100.0,92900.0,0.0
CTR,13:16:51,Buy Up,700.0,92900.0,0.0
CTR,13:16:35,Buy Up,100.0,92900.0,0.0
CTR,13:16:15,Buy Up,100.0,92900.0,0.0
CTR,13:16:15,Buy Up,4800.0,92900.0,100.0
CTR,13:16:15,Buy Up,100.0,92800.0,0.0
CTR,13:15:58,Buy Up,1000.0,92800.0,0.0
CTR,13:14:47,Buy Up,300.0,92800.0,0.0
CTR,13:14:29,Buy Up,100.0,92800.0,0.0
CTR,13:14:16,Buy Up,300.0,92800.0,0.0
CTR,13:14:16,Buy Up,1200.0,92800.0,0.0
CTR,13:14:16,Buy Up,100.0,92800.0,0.0
CTR,13:14:16,Buy Up,100.0,92800.0,0.0
CTR,13:14:16,Buy Up,100.0,92800.0,0.0
CTR,13:14:16,Buy Up,200.0,92800.0,100.0
CTR,13:13:46,Buy Up,100.0,92700.0,0.0
CTR,13:13:46,Buy Up,300.0,92700.0,0.0
CTR,13:13:31,Buy Up,100.0,92700.0,0.0
CTR,13:13:01,Buy Up,500.0,92700.0,0.0
CTR,13:13:01,Buy Up,100.0,92700.0,0.0
CTR,13:13:01,Buy Up,400.0,92700.0,200.0
CTR,13:12:41,Sell Down,100.0,92500.0,-100.0
CTR,13:12:39,Buy Up,100.0,92600.0,0.0
CTR,13:12:26,Buy Up,200.0,92600.0,0.0
CTR,13:12:18,Sell Down,100.0,92600.0,0.0
CTR,13:11:00,Sell Down,100.0,92600.0,0.0
CTR,13:11:00,Sell Down,400.0,92600.0,-100.0
CTR,13:10:43,Sell Down,100.0,92700.0,0.0
CTR,13:10:39,Sell Down,100.0,92700.0,0.0
CTR,13:09:32,Sell Down,100.0,92700.0,0.0
CTR,13:09:08,Sell Down,200.0,92700.0,0.0
CTR,13:08:27,Buy Up,100.0,92700.0,0.0
CTR,13:07:37,Buy Up,100.0,92700.0,0.0
CTR,13:07:37,Buy Up,100.0,92700.0,100.0
CTR,13:06:46,Sell Down,100.0,92600.0,0.0
CTR,13:05:58,Sell Down,500.0,92600.0,-100.0
CTR,13:05:25,Buy Up,100.0,92700.0,0.0
CTR,13:04:50,Buy Up,900.0,92700.0,0.0
CTR,13:04:50,Buy Up,100.0,92700.0,0.0
CTR,13:04:05,Buy Up,100.0,92700.0,0.0
CTR,13:03:51,Buy Up,100.0,92700.0,200.0
CTR,13:03:24,Sell Down,1300.0,92500.0,-200.0
CTR,13:03:23,Buy Up,100.0,92700.0,0.0
CTR,13:03:23,Buy Up,100.0,92700.0,200.0
CTR,13:02:55,Sell Down,200.0,92500.0,0.0
CTR,13:02:55,Sell Down,800.0,92500.0,0.0
CTR,13:02:36,Sell Down,100.0,92500.0,0.0
CTR,13:01:13,Sell Down,100.0,92500.0,0.0
CTR,13:01:05,Sell Down,100.0,92500.0,0.0
CTR,13:00:31,Sell Down,300.0,92500.0,-100.0
CTR,13:00:31,Sell Down,1000.0,92600.0,0.0
CTR,13:00:06,Sell Down,100.0,92600.0,0.0
CTR,13:00:01,Buy Up,100.0,92600.0,0.0
CTR,13:00:01,Buy Up,400.0,92600.0,100.0
CTR,13:00:01,Buy Up,400.0,92500.0,0.0
CTR,11:29:55,Sell Down,100.0,92500.0,0.0
CTR,11:29:49,Sell Down,100.0,92500.0,0.0
CTR,11:29:12,Sell Down,900.0,92500.0,0.0
CTR,11:29:12,Sell Down,100.0,92500.0,0.0
CTR,11:29:12,Sell Down,100.0,92500.0,-100.0
CTR,11:28:32,Buy Up,200.0,92600.0,0.0
CTR,11:28:31,Buy Up,400.0,92600.0,-200.0
CTR,11:28:18,Buy Up,100.0,92800.0,0.0
CTR,11:27:44,Buy Up,100.0,92800.0,200.0
CTR,11:27:37,Buy Up,500.0,92600.0,0.0
CTR,11:27:33,Sell Down,500.0,92600.0,0.0
CTR,11:27:33,Sell Down,100.0,92600.0,0.0
CTR,11:27:33,Sell Down,100.0,92600.0,0.0
CTR,11:27:09,Sell Down,100.0,92600.0,0.0
CTR,11:27:09,Sell Down,100.0,92600.0,-100.0
CTR,11:27:09,Sell Down,100.0,92700.0,-100.0
CTR,11:25:56,Buy Up,200.0,92800.0,0.0
CTR,11:25:56,Buy Up,100.0,92800.0,0.0
CTR,11:25:56,Buy Up,600.0,92800.0,0.0
CTR,11:25:40,Sell Down,100.0,92800.0,0.0
CTR,11:25:27,Sell Down,200.0,92800.0,0.0
CTR,11:25:27,Sell Down,300.0,92800.0,0.0
CTR,11:25:10,Sell Down,100.0,92800.0,0.0
CTR,11:25:08,Sell Down,100.0,92800.0,0.0
CTR,11:24:15,Sell Down,500.0,92800.0,0.0
CTR,11:24:15,Sell Down,1000.0,92800.0,0.0
CTR,11:24:15,Sell Down,500.0,92800.0,-100.0
CTR,11:24:13,Buy Up,300.0,92900.0,0.0
CTR,11:23:23,Buy Up,100.0,92900.0,0.0
CTR,11:23:15,Buy Up,100.0,92900.0,0.0
CTR,11:22:23,Sell Down,500.0,92900.0,0.0
CTR,11:22:23,Sell Down,9000.0,92900.0,0.0
CTR,11:22:23,Sell Down,200.0,92900.0,0.0
CTR,11:22:17,Sell Down,800.0,92900.0,0.0
CTR,11:22:17,Sell Down,200.0,92900.0,-100.0
CTR,11:20:49,Buy Up,100.0,93000.0,0.0
CTR,11:20:49,Buy Up,100.0,93000.0,0.0
CTR,11:20:32,Buy Up,100.0,93000.0,0.0
CTR,11:20:01,Buy Up,1000.0,93000.0,0.0
CTR,11:20:01,Buy Up,500.0,93000.0,0.0
CTR,11:20:01,Buy Up,200.0,93000.0,0.0
CTR,11:20:01,Buy Up,200.0,93000.0,0.0
CTR,11:19:39,Sell Down,100.0,93000.0,0.0
CTR,11:19:17,Sell Down,1000.0,93000.0,0.0
CTR,11:19:17,Sell Down,200.0,93000.0,0.0
CTR,11:19:17,Sell Down,700.0,93000.0,-100.0
CTR,11:19:17,Sell Down,100.0,93100.0,-100.0
CTR,11:19:07,Buy Up,100.0,93200.0,100.0
CTR,11:18:51,Sell Down,500.0,93100.0,0.0
CTR,11:18:44,Sell Down,100.0,93100.0,0.0
CTR,11:18:42,Buy Up,100.0,93100.0,0.0
CTR,11:18:42,Buy Up,300.0,93100.0,0.0
CTR,11:18:41,Buy Up,300.0,93100.0,0.0
CTR,11:18:41,Buy Up,1000.0,93100.0,0.0
CTR,11:18:41,Buy Up,100.0,93100.0,0.0
CTR,11:18:41,Buy Up,600.0,93100.0,0.0
CTR,11:18:10,Buy Up,100.0,93100.0,0.0
CTR,11:15:52,Buy Up,500.0,93100.0,0.0
CTR,11:15:48,Buy Up,1800.0,93100.0,0.0
CTR,11:15:48,Buy Up,100.0,93100.0,0.0
CTR,11:14:22,Buy Up,1000.0,93100.0,0.0
CTR,11:14:22,Buy Up,100.0,93100.0,0.0
CTR,11:14:22,Sell Down,400.0,93100.0,0.0
CTR,11:14:17,Sell Down,100.0,93100.0,0.0
CTR,11:14:17,Sell Down,400.0,93100.0,-100.0
CTR,11:13:06,Buy Up,100.0,93200.0,0.0
CTR,11:10:31,Sell Down,500.0,93200.0,0.0
CTR,11:10:26,Sell Down,100.0,93200.0,0.0
CTR,11:10:12,Sell Down,200.0,93200.0,0.0
CTR,11:09:58,Sell Down,100.0,93200.0,0.0
CTR,11:09:57,Sell Down,100.0,93200.0,0.0
CTR,11:09:57,Sell Down,700.0,93200.0,0.0
CTR,11:09:57,Sell Down,1000.0,93200.0,0.0
CTR,11:09:57,Sell Down,200.0,93200.0,0.0
CTR,11:09:03,Sell Down,100.0,93200.0,0.0
CTR,11:08:43,Sell Down,100.0,93200.0,-100.0
CTR,11:08:02,Buy Up,100.0,93300.0,0.0
CTR,11:07:53,Sell Down,400.0,93300.0,0.0
CTR,11:07:40,Sell Down,100.0,93300.0,0.0
CTR,11:07:08,Sell Down,100.0,93300.0,0.0
CTR,11:07:08,Sell Down,900.0,93300.0,-100.0
CTR,11:06:10,Buy Up,400.0,93400.0,0.0
CTR,11:06:10,Buy Up,100.0,93400.0,0.0
CTR,11:05:56,Buy Up,100.0,93400.0,0.0
CTR,11:05:56,Buy Up,400.0,93400.0,100.0
CTR,11:05:28,Sell Down,1000.0,93300.0,0.0
CTR,11:05:23,Buy Up,100.0,93300.0,0.0
CTR,11:05:23,Buy Up,300.0,93300.0,0.0
CTR,11:05:23,Buy Up,100.0,93300.0,0.0
CTR,11:05:17,Buy Up,100.0,93300.0,200.0
CTR,11:05:11,Sell Down,300.0,93100.0,-100.0
CTR,11:05:11,Buy Up,100.0,93200.0,-100.0
CTR,11:04:38,Buy Up,200.0,93300.0,0.0
CTR,11:04:38,Buy Up,300.0,93300.0,0.0
CTR,11:04:16,Buy Up,100.0,93300.0,0.0
CTR,11:03:54,Buy Up,100.0,93300.0,0.0
CTR,11:03:50,Buy Up,100.0,93300.0,100.0
CTR,11:03:33,Buy Up,100.0,93200.0,0.0
CTR,11:03:20,Sell Down,1000.0,93200.0,0.0
CTR,11:03:07,Sell Down,100.0,93200.0,0.0
CTR,11:03:07,Sell Down,900.0,93200.0,0.0
CTR,11:03:06,Buy Up,100.0,93200.0,0.0
CTR,11:03:06,Buy Up,800.0,93200.0,0.0
CTR,11:02:58,Buy Up,100.0,93200.0,0.0
CTR,11:01:39,Buy Up,100.0,93200.0,0.0
CTR,11:01:30,Sell Down,100.0,93200.0,0.0
CTR,11:01:30,Sell Down,100.0,93200.0,0.0
CTR,11:01:27,Buy Up,100.0,93200.0,0.0
CTR,11:01:06,Buy Up,200.0,93200.0,0.0
CTR,11:01:05,Sell Down,800.0,93200.0,-100.0
CTR,11:00:53,Buy Up,100.0,93300.0,0.0
CTR,11:00:34,Buy Up,300.0,93300.0,100.0
CTR,11:00:33,Buy Up,300.0,93200.0,0.0
CTR,11:00:12,Buy Up,100.0,93200.0,0.0
CTR,10:59:55,Buy Up,100.0,93200.0,0.0
CTR,10:59:55,Buy Up,100.0,93200.0,100.0
CTR,10:59:42,Sell Down,1200.0,93100.0,0.0
CTR,10:59:42,Sell Down,1000.0,93100.0,0.0
CTR,10:59:42,Sell Down,400.0,93100.0,0.0
CTR,10:59:42,Sell Down,1000.0,93100.0,0.0
CTR,10:59:42,Sell Down,100.0,93100.0,0.0
CTR,10:59:42,Sell Down,100.0,93100.0,0.0
CTR,10:59:42,Sell Down,100.0,93100.0,0.0
CTR,10:59:42,Sell Down,100.0,93100.0,-100.0
CTR,10:59:21,Sell Down,100.0,93200.0,0.0
CTR,10:58:05,Buy Up,200.0,93200.0,100.0
CTR,10:58:00,Sell Down,100.0,93100.0,0.0
CTR,10:57:59,Sell Down,100.0,93100.0,0.0
CTR,10:57:25,Sell Down,300.0,93100.0,0.0
CTR,10:57:25,Sell Down,200.0,93100.0,0.0
CTR,10:57:25,Sell Down,500.0,93100.0,0.0
CTR,10:57:25,Sell Down,1000.0,93100.0,0.0
CTR,10:57:25,Sell Down,900.0,93100.0,-300.0
CTR,10:56:56,Buy Up,400.0,93400.0,300.0
CTR,10:56:53,Sell Down,100.0,93100.0,-300.0
CTR,10:56:21,Buy Up,200.0,93400.0,400.0
CTR,10:56:11,Sell Down,3000.0,93000.0,0.0
CTR,10:56:00,Sell Down,6000.0,93000.0,-400.0
CTR,10:55:56,Buy Up,100.0,93400.0,400.0
CTR,10:55:55,Sell Down,300.0,93000.0,0.0
CTR,10:55:55,Sell Down,100.0,93000.0,0.0
CTR,10:55:55,Sell Down,1500.0,93000.0,-400.0
CTR,10:55:33,Buy Up,100.0,93400.0,400.0
CTR,10:55:16,Buy Up,1000.0,93000.0,0.0
CTR,10:55:16,Buy Up,10000.0,93000.0,0.0
CTR,10:55:12,Sell Down,100.0,93000.0,0.0
CTR,10:55:07,Sell Down,400.0,93000.0,0.0
CTR,10:55:05,Buy Up,1500.0,93000.0,0.0
CTR,10:54:57,Sell Down,100.0,93000.0,-800.0
CTR,10:54:55,Buy Up,100.0,93800.0,800.0
CTR,10:54:53,Sell Down,100.0,93000.0,0.0
CTR,10:54:53,Sell Down,200.0,93000.0,0.0
CTR,10:54:53,Sell Down,500.0,93000.0,0.0
CTR,10:54:53,Sell Down,500.0,93000.0,0.0
CTR,10:54:53,Sell Down,4300.0,93000.0,-400.0
CTR,10:54:53,Buy Up,2000.0,93400.0,0.0
CTR,10:54:53,Buy Up,200.0,93400.0,-100.0
CTR,10:54:53,Buy Up,1200.0,93500.0,-300.0
CTR,10:54:41,Buy Up,100.0,93800.0,0.0
CTR,10:54:41,Buy Up,600.0,93800.0,0.0
CTR,10:54:41,Buy Up,300.0,93800.0,0.0
CTR,10:53:51,Sell Down,900.0,93800.0,0.0
CTR,10:53:51,Sell Down,1100.0,93800.0,0.0
CTR,10:53:51,Sell Down,100.0,93800.0,0.0
CTR,10:53:51,Sell Down,200.0,93800.0,-100.0
CTR,10:53:51,Sell Down,100.0,93900.0,0.0
CTR,10:53:51,Sell Down,600.0,93900.0,0.0
CTR,10:53:51,Sell Down,400.0,93900.0,0.0
CTR,10:53:51,Sell Down,100.0,93900.0,0.0
CTR,10:53:51,Sell Down,300.0,93900.0,0.0
CTR,10:53:49,Sell Down,100.0,93900.0,0.0
CTR,10:53:46,Sell Down,100.0,93900.0,-100.0
CTR,10:53:44,Buy Up,2000.0,94000.0,100.0
CTR,10:53:44,Sell Down,300.0,93900.0,0.0
CTR,10:53:44,Sell Down,700.0,93900.0,0.0
CTR,10:53:36,Sell Down,1300.0,93900.0,0.0
CTR,10:53:36,Sell Down,200.0,93900.0,0.0
CTR,10:53:36,Sell Down,3500.0,93900.0,0.0
CTR,10:52:45,Sell Down,100.0,93900.0,-200.0
CTR,10:52:36,Buy Up,400.0,94100.0,0.0
CTR,10:52:36,Buy Up,500.0,94100.0,0.0
CTR,10:52:35,Buy Up,100.0,94100.0,0.0
CTR,10:52:35,Buy Up,400.0,94100.0,0.0
CTR,10:52:35,Buy Up,100.0,94100.0,0.0
CTR,10:52:35,Buy Up,2300.0,94100.0,100.0
CTR,10:52:35,Buy Up,1200.0,94000.0,0.0
CTR,10:52:34,Buy Up,800.0,94000.0,-100.0
CTR,10:51:58,Buy Up,700.0,94100.0,100.0
CTR,10:51:58,Buy Up,100.0,94000.0,0.0
CTR,10:51:58,Buy Up,100.0,94000.0,0.0
CTR,10:51:58,Buy Up,1400.0,94000.0,0.0
CTR,10:51:44,Sell Down,300.0,94000.0,0.0
CTR,10:51:44,Sell Down,100.0,94000.0,0.0
CTR,10:51:44,Sell Down,200.0,94000.0,0.0
CTR,10:51:43,Sell Down,100.0,94000.0,0.0
CTR,10:51:41,Sell Down,100.0,94000.0,0.0
CTR,10:51:40,Sell Down,500.0,94000.0,0.0
CTR,10:51:31,Sell Down,600.0,94000.0,0.0
CTR,10:51:31,Sell Down,200.0,94000.0,0.0
CTR,10:51:31,Sell Down,200.0,94000.0,0.0
CTR,10:51:27,Sell Down,100.0,94000.0,0.0
CTR,10:51:19,Sell Down,500.0,94000.0,0.0
CTR,10:51:07,Sell Down,100.0,94000.0,0.0
CTR,10:51:07,Sell Down,100.0,94000.0,0.0
CTR,10:51:07,Sell Down,100.0,94000.0,0.0
CTR,10:51:07,Sell Down,100.0,94000.0,0.0
CTR,10:51:05,Sell Down,100.0,94000.0,0.0
CTR,10:51:03,Sell Down,100.0,94000.0,0.0
CTR,10:51:02,Sell Down,500.0,94000.0,0.0
CTR,10:50:55,Sell Down,100.0,94000.0,0.0
CTR,10:50:25,Sell Down,100.0,94000.0,100.0
CTR,10:49:59,Sell Down,1400.0,93900.0,0.0
CTR,10:49:58,Buy Up,500.0,93900.0,0.0
CTR,10:49:55,Sell Down,200.0,93900.0,0.0
CTR,10:49:55,Sell Down,1400.0,93900.0,0.0
CTR,10:49:55,Sell Down,1300.0,93900.0,-100.0
CTR,10:49:55,Sell Down,200.0,94000.0,-400.0
CTR,10:49:49,Buy Up,200.0,94400.0,200.0
CTR,10:49:49,Buy Up,500.0,94200.0,100.0
CTR,10:49:49,Buy Up,100.0,94100.0,100.0
CTR,10:49:49,Buy Up,1000.0,94000.0,0.0
CTR,10:49:49,Buy Up,1000.0,94000.0,0.0
CTR,10:49:49,Buy Up,100.0,94000.0,0.0
CTR,10:49:49,Buy Up,100.0,94000.0,0.0
CTR,10:49:48,Buy Up,400.0,94000.0,0.0
CTR,10:49:48,Buy Up,100.0,94000.0,0.0
CTR,10:49:48,Buy Up,100.0,94000.0,0.0
CTR,10:49:48,Buy Up,100.0,94000.0,0.0
CTR,10:49:48,Buy Up,100.0,94000.0,0.0
CTR,10:49:48,Buy Up,100.0,94000.0,0.0
CTR,10:49:48,Buy Up,800.0,94000.0,0.0
CTR,10:49:48,Buy Up,100.0,94000.0,0.0
CTR,10:49:48,Buy Up,100.0,94000.0,0.0
CTR,10:49:48,Buy Up,500.0,94000.0,0.0
CTR,10:49:48,Buy Up,2000.0,94000.0,0.0
CTR,10:49:48,Buy Up,2400.0,94000.0,0.0
CTR,10:49:47,Buy Up,2600.0,94000.0,0.0
CTR,10:49:47,Buy Up,100.0,94000.0,0.0
CTR,10:49:47,Buy Up,300.0,94000.0,0.0
CTR,10:49:45,Buy Up,1700.0,94000.0,0.0
CTR,10:49:45,Buy Up,100.0,94000.0,0.0
CTR,10:49:45,Buy Up,100.0,94000.0,0.0
CTR,10:49:45,Buy Up,5000.0,94000.0,0.0
CTR,10:49:45,Buy Up,400.0,94000.0,0.0
CTR,10:49:45,Buy Up,700.0,94000.0,0.0
CTR,10:49:45,Buy Up,300.0,94000.0,0.0
CTR,10:49:45,Buy Up,200.0,94000.0,0.0
CTR,10:49:42,Buy Up,200.0,94000.0,0.0
CTR,10:49:39,Buy Up,500.0,94000.0,0.0
CTR,10:49:39,Buy Up,100.0,94000.0,0.0
CTR,10:49:39,Buy Up,200.0,94000.0,0.0
CTR,10:49:39,Buy Up,2000.0,94000.0,0.0
CTR,10:49:39,Buy Up,200.0,94000.0,0.0
CTR,10:49:38,Buy Up,100.0,94000.0,0.0
CTR,10:49:29,Buy Up,100.0,94000.0,0.0
CTR,10:49:25,Buy Up,400.0,94000.0,0.0
CTR,10:49:11,Buy Up,100.0,94000.0,100.0
CTR,10:49:07,Sell Down,100.0,93900.0,0.0
CTR,10:49:04,Sell Down,200.0,93900.0,0.0
CTR,10:48:59,Sell Down,100.0,93900.0,-100.0
CTR,10:48:57,Buy Up,100.0,94000.0,100.0
CTR,10:48:55,Sell Down,200.0,93900.0,-100.0
CTR,10:48:50,Buy Up,1200.0,94000.0,0.0
CTR,10:48:50,Buy Up,800.0,94000.0,100.0
CTR,10:48:46,Sell Down,500.0,93900.0,-100.0
CTR,10:48:43,Buy Up,200.0,94000.0,100.0
CTR,10:48:40,Sell Down,600.0,93900.0,0.0
CTR,10:48:38,Buy Up,300.0,93900.0,0.0
CTR,10:48:33,Sell Down,100.0,93900.0,0.0
CTR,10:48:32,Sell Down,100.0,93900.0,0.0
CTR,10:48:31,Sell Down,100.0,93900.0,0.0
CTR,10:48:31,Sell Down,100.0,93900.0,0.0
CTR,10:48:31,Sell Down,700.0,93900.0,0.0
CTR,10:48:29,Buy Up,2000.0,93900.0,0.0
CTR,10:48:28,Buy Up,400.0,93900.0,0.0
CTR,10:48:28,Buy Up,300.0,93900.0,0.0
CTR,10:48:28,Buy Up,900.0,93900.0,0.0
CTR,10:48:27,Buy Up,300.0,93900.0,0.0
CTR,10:48:18,Buy Up,100.0,93900.0,0.0
CTR,10:48:16,Buy Up,300.0,93900.0,0.0
CTR,10:48:16,Buy Up,100.0,93900.0,0.0
CTR,10:48:11,Buy Up,200.0,93900.0,100.0
CTR,10:47:48,Buy Up,100.0,93800.0,0.0
CTR,10:47:48,Buy Up,100.0,93800.0,0.0
CTR,10:47:48,Buy Up,200.0,93800.0,0.0
CTR,10:47:47,Buy Up,100.0,93800.0,0.0
CTR,10:47:40,Buy Up,100.0,93800.0,300.0
CTR,10:47:28,Sell Down,300.0,93500.0,0.0
CTR,10:47:28,Sell Down,900.0,93500.0,0.0
CTR,10:47:28,Sell Down,200.0,93500.0,0.0
CTR,10:47:28,Sell Down,600.0,93500.0,-100.0
CTR,10:47:27,Buy Up,200.0,93600.0,100.0
CTR,10:47:01,Buy Up,200.0,93500.0,0.0
CTR,10:47:01,Buy Up,100.0,93500.0,0.0
CTR,10:47:01,Buy Up,2000.0,93500.0,0.0
CTR,10:47:01,Buy Up,1000.0,93500.0,0.0
CTR,10:47:01,Buy Up,100.0,93500.0,0.0
CTR,10:47:01,Buy Up,1000.0,93500.0,100.0
CTR,10:46:58,Sell Down,300.0,93400.0,-100.0
CTR,10:46:57,Buy Up,100.0,93500.0,100.0
CTR,10:46:53,Sell Down,100.0,93400.0,0.0
CTR,10:46:42,Sell Down,100.0,93400.0,0.0
CTR,10:46:40,Buy Up,200.0,93400.0,0.0
CTR,10:46:40,Buy Up,3000.0,93400.0,100.0
CTR,10:46:40,Buy Up,200.0,93300.0,100.0
CTR,10:46:40,Sell Down,1900.0,93200.0,0.0
CTR,10:46:35,Buy Up,100.0,93200.0,0.0
CTR,10:46:32,Buy Up,5000.0,93200.0,0.0
CTR,10:46:29,Buy Up,700.0,93200.0,0.0
CTR,10:46:24,Buy Up,2300.0,93200.0,0.0
CTR,10:46:23,Sell Down,1000.0,93200.0,0.0
CTR,10:46:11,Buy Up,100.0,93200.0,0.0
CTR,10:46:11,Buy Up,300.0,93200.0,200.0
CTR,10:46:05,Buy Up,400.0,93000.0,0.0
CTR,10:46:05,Buy Up,300.0,93000.0,0.0
CTR,10:46:02,Buy Up,400.0,93000.0,0.0
CTR,10:46:02,Buy Up,100.0,93000.0,0.0
CTR,10:46:02,Buy Up,100.0,93000.0,0.0
CTR,10:46:02,Buy Up,1200.0,93000.0,0.0
CTR,10:46:02,Buy Up,500.0,93000.0,0.0
CTR,10:46:02,Buy Up,100.0,93000.0,0.0
CTR,10:46:02,Buy Up,100.0,93000.0,0.0
CTR,10:46:02,Buy Up,200.0,93000.0,0.0
CTR,10:46:02,Buy Up,100.0,93000.0,0.0
CTR,10:46:02,Buy Up,2000.0,93000.0,0.0
CTR,10:46:02,Buy Up,100.0,93000.0,0.0
CTR,10:46:02,Buy Up,100.0,93000.0,100.0
CTR,10:45:57,Buy Up,1000.0,92900.0,0.0
CTR,10:45:53,Buy Up,100.0,92900.0,0.0
CTR,10:45:53,Buy Up,500.0,92900.0,100.0
CTR,10:45:36,Sell Down,100.0,92800.0,0.0
CTR,10:45:36,Sell Down,1200.0,92800.0,0.0
CTR,10:45:29,Sell Down,800.0,92800.0,0.0
CTR,10:45:28,Sell Down,200.0,92800.0,0.0
CTR,10:45:28,Buy Up,400.0,92800.0,0.0
CTR,10:45:23,Buy Up,1600.0,92800.0,0.0
CTR,10:45:22,Buy Up,3000.0,92800.0,0.0
CTR,10:45:21,Buy Up,100.0,92800.0,0.0
CTR,10:45:14,Buy Up,100.0,92800.0,100.0
CTR,10:45:04,Buy Up,1300.0,92700.0,0.0
CTR,10:44:53,Buy Up,3700.0,92700.0,0.0
CTR,10:44:52,Sell Down,200.0,92700.0,0.0
CTR,10:44:48,Buy Up,100.0,92700.0,0.0
CTR,10:44:31,Buy Up,700.0,92700.0,200.0
CTR,10:44:26,Sell Down,200.0,92500.0,0.0
CTR,10:44:26,Sell Down,500.0,92500.0,0.0
CTR,10:44:21,Buy Up,200.0,92500.0,0.0
CTR,10:44:21,Buy Up,100.0,92500.0,0.0
CTR,10:44:21,Buy Up,600.0,92500.0,0.0
CTR,10:44:21,Buy Up,400.0,92500.0,0.0
CTR,10:44:21,Buy Up,200.0,92500.0,0.0
CTR,10:44:18,Buy Up,400.0,92500.0,0.0
CTR,10:44:18,Buy Up,1000.0,92500.0,0.0
CTR,10:44:18,Buy Up,500.0,92500.0,0.0
CTR,10:44:18,Buy Up,100.0,92500.0,0.0
CTR,10:44:18,Buy Up,500.0,92500.0,0.0
CTR,10:44:15,Buy Up,500.0,92500.0,0.0
CTR,10:44:15,Buy Up,500.0,92500.0,100.0
CTR,10:44:07,Sell Down,100.0,92400.0,0.0
CTR,10:43:48,Buy Up,100.0,92400.0,0.0
CTR,10:43:41,Buy Up,300.0,92400.0,100.0
CTR,10:43:37,Sell Down,300.0,92300.0,0.0
CTR,10:43:25,Sell Down,200.0,92300.0,-100.0
CTR,10:43:24,Buy Up,100.0,92400.0,200.0
CTR,10:42:59,Buy Up,100.0,92200.0,100.0
CTR,10:42:44,Sell Down,100.0,92100.0,0.0
CTR,10:42:33,Sell Down,200.0,92100.0,0.0
CTR,10:42:33,Sell Down,500.0,92100.0,0.0
CTR,10:42:33,Sell Down,300.0,92100.0,100.0
CTR,10:41:22,Sell Down,100.0,92000.0,0.0
CTR,10:40:56,Buy Up,200.0,92000.0,0.0
CTR,10:40:56,Buy Up,1000.0,92000.0,0.0
CTR,10:40:56,Buy Up,200.0,92000.0,0.0
CTR,10:40:56,Buy Up,2200.0,92000.0,0.0
CTR,10:40:56,Buy Up,100.0,92000.0,0.0
CTR,10:40:56,Buy Up,1100.0,92000.0,0.0
CTR,10:40:48,Buy Up,1600.0,92000.0,0.0
CTR,10:40:48,Buy Up,100.0,92000.0,0.0
CTR,10:40:41,Buy Up,1000.0,92000.0,0.0
CTR,10:40:33,Buy Up,200.0,92000.0,0.0
CTR,10:40:33,Buy Up,300.0,92000.0,0.0
CTR,10:40:33,Buy Up,500.0,92000.0,0.0
CTR,10:40:33,Buy Up,1000.0,92000.0,0.0
CTR,10:40:33,Buy Up,100.0,92000.0,0.0
CTR,10:40:33,Buy Up,100.0,92000.0,0.0
CTR,10:40:33,Buy Up,500.0,92000.0,0.0
CTR,10:40:33,Buy Up,300.0,92000.0,0.0
CTR,10:40:33,Buy Up,100.0,92000.0,0.0
CTR,10:40:33,Buy Up,100.0,92000.0,0.0
CTR,10:40:33,Buy Up,100.0,92000.0,0.0
CTR,10:40:33,Buy Up,100.0,92000.0,0.0
CTR,10:40:33,Buy Up,500.0,92000.0,0.0
CTR,10:40:33,Buy Up,500.0,92000.0,0.0
CTR,10:40:33,Buy Up,500.0,92000.0,0.0
CTR,10:40:33,Buy Up,100.0,92000.0,0.0
CTR,10:40:33,Buy Up,100.0,92000.0,0.0
CTR,10:40:33,Buy Up,500.0,92000.0,100.0
CTR,10:40:33,Buy Up,100.0,91900.0,0.0
CTR,10:40:33,Buy Up,1000.0,91900.0,0.0
CTR,10:40:33,Buy Up,100.0,91900.0,0.0
CTR,10:40:33,Buy Up,100.0,91900.0,0.0
CTR,10:40:33,Buy Up,100.0,91900.0,100.0
CTR,10:39:58,Sell Down,100.0,91800.0,0.0
CTR,10:38:35,Sell Down,100.0,91800.0,0.0
CTR,10:37:48,Sell Down,3000.0,91800.0,0.0
CTR,10:37:48,Sell Down,700.0,91800.0,0.0
CTR,10:37:48,Sell Down,100.0,91800.0,0.0
CTR,10:37:48,Sell Down,500.0,91800.0,0.0
CTR,10:37:48,Sell Down,400.0,91800.0,0.0
CTR,10:37:38,Buy Up,100.0,91800.0,0.0
CTR,10:37:23,Buy Up,100.0,91800.0,100.0
CTR,10:37:12,Sell Down,100.0,91700.0,0.0
CTR,10:36:35,Sell Down,100.0,91700.0,100.0
CTR,10:35:49,Sell Down,100.0,91600.0,0.0
CTR,10:35:28,Sell Down,100.0,91600.0,0.0
CTR,10:34:26,Sell Down,100.0,91600.0,0.0
CTR,10:33:02,Sell Down,100.0,91600.0,0.0
CTR,10:32:58,Sell Down,100.0,91600.0,0.0
CTR,10:32:09,Buy Up,100.0,91600.0,0.0
CTR,10:32:09,Buy Up,500.0,91600.0,0.0
CTR,10:32:09,Buy Up,1200.0,91600.0,0.0
CTR,10:31:33,Buy Up,200.0,91600.0,100.0
CTR,10:30:16,Sell Down,100.0,91500.0,0.0
CTR,10:30:13,Sell Down,3000.0,91500.0,0.0
CTR,10:30:13,Sell Down,100.0,91500.0,0.0
CTR,10:30:13,Sell Down,300.0,91500.0,0.0
CTR,10:30:13,Sell Down,2000.0,91500.0,0.0
CTR,10:30:13,Sell Down,400.0,91500.0,0.0
CTR,10:30:13,Sell Down,400.0,91500.0,0.0
CTR,10:30:13,Sell Down,100.0,91500.0,0.0
CTR,10:30:13,Sell Down,100.0,91500.0,0.0
CTR,10:30:13,Sell Down,300.0,91500.0,0.0
CTR,10:30:13,Sell Down,1000.0,91500.0,0.0
CTR,10:30:13,Sell Down,200.0,91500.0,0.0
CTR,10:30:13,Sell Down,100.0,91500.0,0.0
CTR,10:30:13,Sell Down,400.0,91500.0,-100.0
CTR,10:29:48,Buy Up,400.0,91600.0,0.0
CTR,10:29:47,Buy Up,1200.0,91600.0,0.0
CTR,10:29:47,Buy Up,800.0,91600.0,100.0
CTR,10:28:53,Sell Down,100.0,91500.0,0.0
CTR,10:28:01,Sell Down,100.0,91500.0,-100.0
CTR,10:27:54,Buy Up,100.0,91600.0,0.0
CTR,10:27:54,Buy Up,1100.0,91600.0,0.0
CTR,10:27:30,Sell Down,100.0,91600.0,0.0
CTR,10:26:30,Buy Up,100.0,91600.0,0.0
CTR,10:26:30,Buy Up,100.0,91600.0,0.0
CTR,10:26:30,Buy Up,100.0,91600.0,0.0
CTR,10:25:26,Buy Up,100.0,91600.0,0.0
CTR,10:25:08,Buy Up,100.0,91600.0,0.0
CTR,10:24:48,Buy Up,400.0,91600.0,0.0
CTR,10:24:48,Buy Up,100.0,91600.0,0.0
CTR,10:24:40,Buy Up,2000.0,91600.0,0.0
CTR,10:24:28,Buy Up,400.0,91600.0,0.0
CTR,10:24:24,Buy Up,2000.0,91600.0,0.0
CTR,10:24:08,Buy Up,100.0,91600.0,0.0
CTR,10:23:48,Buy Up,600.0,91600.0,0.0
CTR,10:23:37,Buy Up,3000.0,91600.0,0.0
CTR,10:23:28,Buy Up,100.0,91600.0,0.0
CTR,10:23:08,Buy Up,500.0,91600.0,0.0
CTR,10:22:59,Buy Up,2000.0,91600.0,0.0
CTR,10:22:48,Buy Up,900.0,91600.0,0.0
CTR,10:22:45,Buy Up,900.0,91600.0,0.0
CTR,10:22:34,Buy Up,2000.0,91600.0,0.0
CTR,10:22:28,Buy Up,1600.0,91600.0,0.0
CTR,10:22:27,Buy Up,100.0,91600.0,0.0
CTR,10:22:16,Buy Up,5000.0,91600.0,0.0
CTR,10:22:16,Buy Up,200.0,91600.0,0.0
CTR,10:22:16,Buy Up,100.0,91600.0,0.0
CTR,10:22:16,Buy Up,200.0,91600.0,0.0
CTR,10:22:16,Sell Down,2000.0,91600.0,0.0
CTR,10:22:16,Sell Down,700.0,91600.0,0.0
CTR,10:21:59,Sell Down,100.0,91600.0,0.0
CTR,10:21:37,Sell Down,100.0,91600.0,0.0
CTR,10:20:35,Sell Down,100.0,91600.0,0.0
CTR,10:20:22,Sell Down,100.0,91600.0,0.0
CTR,10:20:13,Sell Down,100.0,91600.0,0.0
CTR,10:19:26,Sell Down,200.0,91600.0,0.0
CTR,10:19:17,Sell Down,1000.0,91600.0,0.0
CTR,10:19:12,Sell Down,100.0,91600.0,0.0
CTR,10:18:55,Sell Down,500.0,91600.0,0.0
CTR,10:18:55,Sell Down,500.0,91600.0,0.0
CTR,10:18:20,Sell Down,100.0,91600.0,-100.0
CTR,10:17:23,Buy Up,100.0,91700.0,0.0
CTR,10:16:48,Buy Up,200.0,91700.0,0.0
CTR,10:16:47,Sell Down,100.0,91700.0,0.0
CTR,10:16:47,Sell Down,1000.0,91700.0,0.0
CTR,10:16:47,Sell Down,100.0,91700.0,0.0
CTR,10:16:25,Sell Down,100.0,91700.0,0.0
CTR,10:16:08,Sell Down,100.0,91700.0,0.0
CTR,10:15:51,Buy Up,100.0,91700.0,0.0
CTR,10:15:51,Buy Up,1000.0,91700.0,0.0
CTR,10:15:51,Buy Up,3900.0,91700.0,0.0
CTR,10:12:43,Buy Up,100.0,91700.0,100.0
CTR,10:12:19,Buy Up,100.0,91600.0,0.0
CTR,10:11:07,Buy Up,100.0,91600.0,100.0
CTR,10:10:53,Sell Down,100.0,91500.0,0.0
CTR,10:10:35,Sell Down,300.0,91500.0,0.0
CTR,10:10:35,Sell Down,100.0,91500.0,0.0
CTR,10:10:35,Sell Down,600.0,91500.0,-100.0
CTR,10:10:29,Buy Up,1100.0,91600.0,0.0
CTR,10:10:26,Buy Up,5000.0,91600.0,0.0
CTR,10:10:20,Buy Up,500.0,91600.0,0.0
CTR,10:10:04,Buy Up,300.0,91600.0,0.0
CTR,10:09:48,Buy Up,100.0,91600.0,0.0
CTR,10:09:40,Sell Down,300.0,91600.0,0.0
CTR,10:09:40,Sell Down,500.0,91600.0,0.0
CTR,10:08:26,Buy Up,500.0,91600.0,0.0
CTR,10:08:26,Buy Up,1000.0,91600.0,0.0
CTR,10:08:08,Buy Up,100.0,91600.0,0.0
CTR,10:08:02,Sell Down,100.0,91600.0,0.0
CTR,10:08:02,Sell Down,100.0,91600.0,0.0
CTR,10:08:02,Sell Down,200.0,91600.0,0.0
CTR,10:08:02,Sell Down,100.0,91600.0,0.0
CTR,10:07:06,Sell Down,200.0,91600.0,0.0
CTR,10:06:48,Sell Down,200.0,91600.0,0.0
CTR,10:06:48,Sell Down,300.0,91600.0,0.0
CTR,10:06:48,Sell Down,500.0,91600.0,0.0
CTR,10:05:52,Sell Down,1500.0,91600.0,-100.0
CTR,10:05:28,Buy Up,400.0,91700.0,0.0
CTR,10:05:12,Buy Up,400.0,91700.0,0.0
CTR,10:05:12,Buy Up,1400.0,91700.0,0.0
CTR,10:05:10,Sell Down,600.0,91700.0,0.0
CTR,10:04:58,Buy Up,1000.0,91700.0,200.0
CTR,10:04:52,Sell Down,400.0,91500.0,0.0
CTR,10:04:52,Sell Down,200.0,91500.0,-100.0
CTR,10:04:52,Sell Down,600.0,91600.0,0.0
CTR,10:04:39,Buy Up,1000.0,91600.0,0.0
CTR,10:04:34,Sell Down,1000.0,91600.0,0.0
CTR,10:04:34,Sell Down,1000.0,91600.0,-100.0
CTR,10:04:28,Buy Up,300.0,91700.0,0.0
CTR,10:04:19,Sell Down,100.0,91700.0,0.0
CTR,10:04:19,Sell Down,700.0,91700.0,0.0
CTR,10:04:19,Sell Down,500.0,91700.0,0.0
CTR,10:04:11,Sell Down,100.0,91700.0,-100.0
CTR,10:04:09,Buy Up,100.0,91800.0,0.0
CTR,10:03:58,Buy Up,500.0,91800.0,0.0
CTR,10:03:38,Sell Down,100.0,91800.0,0.0
CTR,10:03:37,Sell Down,100.0,91800.0,0.0
CTR,10:03:26,Buy Up,100.0,91800.0,0.0
CTR,10:03:26,Buy Up,300.0,91800.0,0.0
CTR,10:03:08,Buy Up,100.0,91800.0,0.0
CTR,10:02:48,Buy Up,700.0,91800.0,0.0
CTR,10:02:36,Buy Up,200.0,91800.0,0.0
CTR,10:02:32,Buy Up,100.0,91800.0,0.0
CTR,10:02:32,Buy Up,200.0,91800.0,0.0
CTR,10:02:32,Buy Up,300.0,91800.0,0.0
CTR,10:02:32,Buy Up,200.0,91800.0,0.0
CTR,10:02:32,Buy Up,100.0,91800.0,0.0
CTR,10:02:32,Buy Up,1000.0,91800.0,0.0
CTR,10:02:32,Sell Down,200.0,91800.0,0.0
CTR,10:02:32,Sell Down,100.0,91800.0,0.0
CTR,10:02:32,Sell Down,200.0,91800.0,0.0
CTR,10:02:32,Sell Down,1200.0,91800.0,0.0
CTR,10:01:48,Sell Down,100.0,91800.0,0.0
CTR,10:01:18,Sell Down,100.0,91800.0,0.0
CTR,10:01:00,Sell Down,100.0,91800.0,0.0
CTR,10:00:40,Sell Down,100.0,91800.0,-100.0
CTR,09:57:07,Buy Up,100.0,91900.0,0.0
CTR,09:56:08,Buy Up,100.0,91900.0,0.0
CTR,09:55:48,Buy Up,500.0,91900.0,0.0
CTR,09:54:47,Buy Up,100.0,91900.0,100.0
CTR,09:53:13,Sell Down,1000.0,91800.0,0.0
CTR,09:50:13,Sell Down,200.0,91800.0,0.0
CTR,09:50:13,Buy Up,200.0,91800.0,0.0
CTR,09:50:13,Buy Up,100.0,91800.0,0.0
CTR,09:50:13,Buy Up,600.0,91800.0,0.0
CTR,09:50:13,Buy Up,300.0,91800.0,200.0
CTR,09:48:45,Sell Down,100.0,91600.0,100.0
CTR,09:46:27,Sell Down,200.0,91500.0,-100.0
CTR,09:45:54,Buy Up,100.0,91600.0,0.0
CTR,09:45:48,Buy Up,100.0,91600.0,0.0
CTR,09:45:41,Buy Up,500.0,91600.0,0.0
CTR,09:44:48,Buy Up,100.0,91600.0,0.0
CTR,09:44:48,Buy Up,300.0,91600.0,0.0
CTR,09:44:33,Buy Up,1000.0,91600.0,100.0
CTR,09:44:31,Sell Down,400.0,91500.0,0.0
CTR,09:44:31,Sell Down,600.0,91500.0,0.0
CTR,09:44:25,Sell Down,100.0,91500.0,-100.0
CTR,09:44:08,Buy Up,600.0,91600.0,0.0
CTR,09:44:07,Buy Up,500.0,91600.0,0.0
CTR,09:43:57,Buy Up,600.0,91600.0,0.0
CTR,09:43:51,Sell Down,2000.0,91600.0,-200.0
CTR,09:41:55,Buy Up,100.0,91800.0,0.0
CTR,09:41:26,Buy Up,200.0,91800.0,0.0
CTR,09:41:08,Buy Up,200.0,91800.0,0.0
CTR,09:40:54,Sell Down,200.0,91800.0,0.0
CTR,09:40:54,Sell Down,200.0,91800.0,0.0
CTR,09:40:54,Sell Down,800.0,91800.0,0.0
CTR,09:40:35,Buy Up,1000.0,91800.0,0.0
CTR,09:40:35,Buy Up,200.0,91800.0,100.0
CTR,09:40:35,Buy Up,200.0,91700.0,-100.0
CTR,09:39:28,Buy Up,100.0,91800.0,0.0
CTR,09:39:16,Buy Up,100.0,91800.0,0.0
CTR,09:39:09,Sell Down,400.0,91800.0,0.0
CTR,09:38:59,Sell Down,400.0,91800.0,0.0
CTR,09:38:59,Sell Down,100.0,91800.0,0.0
CTR,09:38:52,Sell Down,100.0,91800.0,0.0
CTR,09:38:39,Buy Up,200.0,91800.0,0.0
CTR,09:38:39,Buy Up,500.0,91800.0,0.0
CTR,09:38:39,Buy Up,500.0,91800.0,100.0
CTR,09:38:39,Buy Up,1000.0,91700.0,0.0
CTR,09:38:39,Buy Up,300.0,91700.0,200.0
CTR,09:38:18,Sell Down,800.0,91500.0,0.0
CTR,09:38:18,Sell Down,600.0,91500.0,-100.0
CTR,09:38:14,Buy Up,500.0,91600.0,0.0
CTR,09:38:14,Buy Up,300.0,91600.0,100.0
CTR,09:37:56,Sell Down,200.0,91500.0,0.0
CTR,09:37:56,Sell Down,200.0,91500.0,0.0
CTR,09:37:07,Buy Up,200.0,91500.0,100.0
CTR,09:36:34,Sell Down,100.0,91400.0,0.0
CTR,09:35:28,Buy Up,100.0,91400.0,0.0
CTR,09:35:25,Buy Up,300.0,91400.0,0.0
CTR,09:35:19,Sell Down,200.0,91400.0,0.0
CTR,09:34:58,Buy Up,800.0,91400.0,0.0
CTR,09:34:58,Buy Up,200.0,91400.0,100.0
CTR,09:34:21,Buy Up,200.0,91300.0,0.0
CTR,09:33:48,Buy Up,200.0,91300.0,0.0
CTR,09:33:45,Buy Up,300.0,91300.0,0.0
CTR,09:33:45,Buy Up,800.0,91300.0,0.0
CTR,09:33:27,Buy Up,100.0,91300.0,0.0
CTR,09:33:22,Buy Up,1000.0,91300.0,0.0
CTR,09:33:08,Buy Up,600.0,91300.0,0.0
CTR,09:33:04,Buy Up,3000.0,91300.0,200.0
CTR,09:31:43,Sell Down,100.0,91100.0,-100.0
CTR,09:31:43,Buy Up,200.0,91200.0,0.0
CTR,09:31:43,Buy Up,500.0,91200.0,0.0
CTR,09:31:43,Sell Down,1600.0,91200.0,0.0
CTR,09:31:43,Sell Down,200.0,91200.0,0.0
CTR,09:31:27,Sell Down,100.0,91200.0,0.0
CTR,09:29:43,Sell Down,100.0,91200.0,-100.0
CTR,09:29:06,Sell Down,300.0,91300.0,-100.0
CTR,09:28:36,Sell Down,100.0,91400.0,-100.0
CTR,09:26:43,Buy Up,100.0,91500.0,0.0
CTR,09:26:23,Buy Up,100.0,91500.0,100.0
CTR,09:26:01,Buy Up,100.0,91400.0,0.0
CTR,09:25:45,Buy Up,200.0,91400.0,-300.0
CTR,09:22:00,Buy Up,100.0,91700.0,0.0
CTR,09:21:50,Buy Up,500.0,91700.0,0.0
CTR,09:21:50,Buy Up,500.0,91700.0,-200.0
CTR,09:15:20,Buy Up,100.0,91900.0,0.0
CTR,09:15:14,Buy Up,100.0,91900.0,0.0
CTR,09:15:14,Buy Up,100.0,91900.0,-100.0
CTR,09:15:00,,800.0,92000.0,0.0
