ticker,time,orderType,volume,price,prevPriceChange
VCI,10:40:25,Sell Down,700,43200.0,0.0
VCI,10:39:59,Sell Down,300,43200.0,-50.0
VCI,10:39:59,Buy Up,500,43250.0,50.0
VCI,10:39:14,Sell Down,300,43200.0,-50.0
VCI,10:38:55,Buy Up,1100,43250.0,0.0
VCI,10:38:55,Buy Up,400,43250.0,0.0
VCI,10:38:55,Buy Up,200,43250.0,0.0
VCI,10:38:55,Buy Up,2400,43250.0,0.0
VCI,10:38:54,Buy Up,900,43250.0,50.0
VCI,10:38:46,Sell Down,200,43200.0,0.0
VCI,10:38:39,Sell Down,1700,43200.0,0.0
VCI,10:38:39,Sell Down,500,43200.0,0.0
VCI,10:38:39,Sell Down,500,43200.0,0.0
VCI,10:38:39,Sell Down,500,43200.0,0.0
VCI,10:38:39,Sell Down,6800,43200.0,-50.0
VCI,10:38:33,Buy Up,4100,43250.0,0.0
VCI,10:38:33,Buy Up,100,43250.0,0.0
VCI,10:38:33,Buy Up,2000,43250.0,0.0
VCI,10:38:33,Buy Up,8800,43250.0,50.0
VCI,10:38:29,Sell Down,5000,43200.0,0.0
VCI,10:38:28,Sell Down,300,43200.0,0.0
VCI,10:38:20,Sell Down,1000,43200.0,0.0
VCI,10:38:12,Sell Down,500,43200.0,0.0
VCI,10:37:44,Sell Down,300,43200.0,0.0
VCI,10:37:15,Buy Up,500,43200.0,0.0
VCI,10:37:15,Buy Up,600,43200.0,0.0
VCI,10:37:08,Buy Up,300,43200.0,0.0
VCI,10:37:05,Buy Up,1100,43200.0,0.0
VCI,10:37:05,Buy Up,300,43200.0,0.0
VCI,10:37:05,Buy Up,100,43200.0,0.0
VCI,10:37:00,Buy Up,100,43200.0,0.0
VCI,10:36:55,Buy Up,100,43200.0,0.0
VCI,10:36:43,Buy Up,1000,43200.0,0.0
VCI,10:36:36,Sell Down,4000,43200.0,0.0
VCI,10:36:36,Sell Down,300,43200.0,0.0
VCI,10:36:36,Sell Down,500,43200.0,0.0
VCI,10:36:36,Sell Down,300,43200.0,0.0
VCI,10:36:36,Sell Down,700,43200.0,0.0
VCI,10:36:36,Sell Down,3000,43200.0,0.0
VCI,10:36:36,Sell Down,1000,43200.0,0.0
VCI,10:36:36,Sell Down,1000,43200.0,0.0
VCI,10:36:36,Sell Down,2300,43200.0,0.0
VCI,10:36:36,Sell Down,300,43200.0,0.0
VCI,10:36:36,Sell Down,2900,43200.0,0.0
VCI,10:36:36,Sell Down,100,43200.0,0.0
VCI,10:36:36,Sell Down,100,43200.0,0.0
VCI,10:36:10,Sell Down,200,43200.0,0.0
VCI,10:36:10,Sell Down,100,43200.0,0.0
VCI,10:36:00,Sell Down,900,43200.0,0.0
VCI,10:36:00,Sell Down,1100,43200.0,-50.0
VCI,10:35:54,Buy Up,500,43250.0,50.0
VCI,10:35:50,Sell Down,500,43200.0,0.0
VCI,10:35:24,Sell Down,300,43200.0,-50.0
VCI,10:35:14,Buy Up,700,43250.0,0.0
VCI,10:35:14,Buy Up,3300,43250.0,50.0
VCI,10:35:14,Sell Down,400,43200.0,0.0
VCI,10:35:03,Sell Down,6700,43200.0,0.0
VCI,10:35:03,Sell Down,200,43200.0,0.0
VCI,10:35:03,Sell Down,100,43200.0,0.0
VCI,10:35:03,Sell Down,300,43200.0,0.0
VCI,10:35:03,Sell Down,900,43200.0,0.0
VCI,10:35:00,Sell Down,100,43200.0,0.0
VCI,10:34:58,Sell Down,100,43200.0,0.0
VCI,10:34:45,Sell Down,900,43200.0,-50.0
VCI,10:34:40,Buy Up,300,43250.0,50.0
VCI,10:34:38,Sell Down,300,43200.0,0.0
VCI,10:34:27,Sell Down,3700,43200.0,0.0
VCI,10:34:27,Sell Down,1100,43200.0,0.0
VCI,10:34:23,Sell Down,700,43200.0,0.0
VCI,10:33:53,Sell Down,1400,43200.0,0.0
VCI,10:33:44,Sell Down,300,43200.0,0.0
VCI,10:33:30,Sell Down,1000,43200.0,-50.0
VCI,10:33:24,Buy Up,1000,43250.0,50.0
VCI,10:32:59,Sell Down,100,43200.0,-50.0
VCI,10:32:59,Sell Down,200,43250.0,0.0
VCI,10:32:40,Buy Up,300,43250.0,0.0
VCI,10:32:36,Buy Up,500,43250.0,0.0
VCI,10:32:36,Buy Up,500,43250.0,0.0
VCI,10:32:29,Buy Up,800,43250.0,0.0
VCI,10:32:22,Sell Down,2300,43250.0,0.0
VCI,10:32:22,Sell Down,1400,43250.0,0.0
VCI,10:32:22,Sell Down,600,43250.0,0.0
VCI,10:32:16,Sell Down,300,43250.0,0.0
VCI,10:32:11,Sell Down,300,43250.0,0.0
VCI,10:32:05,Sell Down,2000,43250.0,0.0
VCI,10:31:51,Sell Down,200,43250.0,0.0
VCI,10:31:49,Buy Up,1200,43250.0,0.0
VCI,10:31:43,Buy Up,200,43250.0,50.0
VCI,10:31:28,Sell Down,400,43200.0,-50.0
VCI,10:31:27,Buy Up,1000,43250.0,0.0
VCI,10:31:21,Sell Down,800,43250.0,0.0
VCI,10:31:12,Sell Down,200,43250.0,0.0
VCI,10:31:12,Sell Down,800,43250.0,0.0
VCI,10:31:09,Sell Down,500,43250.0,0.0
VCI,10:30:59,Sell Down,500,43250.0,0.0
VCI,10:30:52,Sell Down,1000,43250.0,0.0
VCI,10:30:51,Sell Down,200,43250.0,0.0
VCI,10:30:51,Sell Down,100,43250.0,0.0
VCI,10:30:51,Sell Down,200,43250.0,0.0
VCI,10:30:49,Sell Down,100,43250.0,0.0
VCI,10:30:43,Sell Down,200,43250.0,0.0
VCI,10:30:41,Sell Down,300,43250.0,0.0
VCI,10:30:23,Sell Down,200,43250.0,0.0
VCI,10:30:20,Sell Down,2000,43250.0,0.0
VCI,10:30:20,Sell Down,100,43250.0,0.0
VCI,10:30:20,Sell Down,900,43250.0,0.0
VCI,10:30:16,Sell Down,100,43250.0,0.0
VCI,10:30:16,Sell Down,200,43250.0,0.0
VCI,10:30:16,Sell Down,9100,43250.0,0.0
VCI,10:30:16,Sell Down,600,43250.0,0.0
VCI,10:30:05,Sell Down,300,43250.0,0.0
VCI,10:30:03,Sell Down,1700,43250.0,0.0
VCI,10:30:03,Sell Down,100,43250.0,0.0
VCI,10:30:03,Sell Down,1000,43250.0,0.0
VCI,10:30:03,Sell Down,2500,43250.0,0.0
VCI,10:30:03,Sell Down,500,43250.0,0.0
VCI,10:30:03,Sell Down,500,43250.0,0.0
VCI,10:30:03,Sell Down,3700,43250.0,0.0
VCI,10:29:56,Sell Down,300,43250.0,0.0
VCI,10:29:52,Sell Down,500,43250.0,0.0
VCI,10:29:52,Sell Down,100,43250.0,0.0
VCI,10:29:52,Sell Down,3000,43250.0,0.0
VCI,10:29:52,Sell Down,100,43250.0,0.0
VCI,10:29:52,Sell Down,300,43250.0,0.0
VCI,10:29:52,Sell Down,900,43250.0,0.0
VCI,10:29:52,Sell Down,2000,43250.0,0.0
VCI,10:29:52,Sell Down,200,43250.0,0.0
VCI,10:29:52,Sell Down,100,43250.0,0.0
VCI,10:29:52,Sell Down,500,43250.0,0.0
VCI,10:29:51,Sell Down,2300,43250.0,0.0
VCI,10:29:36,Sell Down,1000,43250.0,0.0
VCI,10:29:27,Sell Down,200,43250.0,0.0
VCI,10:29:19,Sell Down,500,43250.0,0.0
VCI,10:29:19,Sell Down,2000,43250.0,0.0
VCI,10:29:19,Sell Down,500,43250.0,0.0
VCI,10:29:19,Sell Down,2000,43250.0,0.0
VCI,10:29:13,Sell Down,2000,43250.0,0.0
VCI,10:29:06,Sell Down,500,43250.0,0.0
VCI,10:29:06,Sell Down,300,43250.0,0.0
VCI,10:29:05,Sell Down,500,43250.0,0.0
VCI,10:28:32,Sell Down,200,43250.0,0.0
VCI,10:28:19,Sell Down,300,43250.0,0.0
VCI,10:28:11,Sell Down,1000,43250.0,0.0
VCI,10:28:07,Sell Down,100,43250.0,0.0
VCI,10:28:01,Sell Down,700,43250.0,0.0
VCI,10:27:33,Sell Down,300,43250.0,-50.0
VCI,10:27:12,Buy Up,500,43300.0,50.0
VCI,10:26:51,Sell Down,2100,43250.0,0.0
VCI,10:26:51,Sell Down,500,43250.0,0.0
VCI,10:26:51,Sell Down,300,43250.0,0.0
VCI,10:26:51,Sell Down,1000,43250.0,0.0
VCI,10:26:51,Sell Down,5000,43250.0,0.0
VCI,10:26:51,Sell Down,3000,43250.0,0.0
VCI,10:26:51,Sell Down,2000,43250.0,0.0
VCI,10:26:51,Sell Down,100,43250.0,0.0
VCI,10:26:51,Sell Down,200,43250.0,0.0
VCI,10:26:51,Sell Down,1100,43250.0,0.0
VCI,10:26:49,Sell Down,300,43250.0,-50.0
VCI,10:26:28,Buy Up,100,43300.0,50.0
VCI,10:26:02,Sell Down,400,43250.0,0.0
VCI,10:25:08,Sell Down,200,43250.0,0.0
VCI,10:24:31,Sell Down,200,43250.0,0.0
VCI,10:24:29,Sell Down,1000,43250.0,0.0
VCI,10:23:56,Sell Down,200,43250.0,-50.0
VCI,10:23:55,Buy Up,1000,43300.0,0.0
VCI,10:23:51,Buy Up,3000,43300.0,50.0
VCI,10:23:13,Sell Down,1600,43250.0,0.0
VCI,10:23:13,Sell Down,100,43250.0,0.0
VCI,10:23:13,Sell Down,2000,43250.0,0.0
VCI,10:23:13,Sell Down,300,43250.0,0.0
VCI,10:23:10,Sell Down,200,43250.0,0.0
VCI,10:22:37,Sell Down,500,43250.0,0.0
VCI,10:22:37,Sell Down,3500,43250.0,0.0
VCI,10:22:36,Sell Down,200,43250.0,0.0
VCI,10:21:37,Sell Down,700,43250.0,0.0
VCI,10:21:33,Sell Down,10000,43250.0,-100.0
VCI,10:20:16,Buy Up,5300,43350.0,0.0
VCI,10:20:16,Buy Up,100,43350.0,0.0
VCI,10:20:16,Buy Up,1900,43350.0,0.0
VCI,10:20:16,Buy Up,100,43350.0,0.0
VCI,10:20:16,Buy Up,2500,43350.0,0.0
VCI,10:20:16,Buy Up,13000,43350.0,50.0
VCI,10:20:16,Buy Up,100,43300.0,50.0
VCI,10:20:13,Sell Down,600,43250.0,0.0
VCI,10:20:13,Sell Down,100,43250.0,-100.0
VCI,10:19:51,Buy Up,1600,43350.0,50.0
VCI,10:19:51,Buy Up,2400,43300.0,0.0
VCI,10:19:50,Buy Up,600,43300.0,0.0
VCI,10:19:47,Sell Down,300,43300.0,0.0
VCI,10:19:47,Sell Down,700,43300.0,0.0
VCI,10:19:44,Sell Down,2000,43300.0,0.0
VCI,10:19:36,Sell Down,5000,43300.0,0.0
VCI,10:19:26,Sell Down,3300,43300.0,0.0
VCI,10:19:26,Sell Down,200,43300.0,0.0
VCI,10:19:26,Sell Down,100,43300.0,0.0
VCI,10:19:26,Sell Down,500,43300.0,0.0
VCI,10:19:26,Sell Down,500,43300.0,0.0
VCI,10:19:26,Sell Down,200,43300.0,0.0
VCI,10:19:26,Sell Down,200,43300.0,0.0
VCI,10:19:23,Sell Down,4800,43300.0,0.0
VCI,10:19:23,Sell Down,200,43300.0,0.0
VCI,10:19:03,Sell Down,300,43300.0,0.0
VCI,10:19:02,Sell Down,300,43300.0,0.0
VCI,10:19:01,Sell Down,600,43300.0,0.0
VCI,10:19:01,Sell Down,1000,43300.0,0.0
VCI,10:19:00,Sell Down,1500,43300.0,0.0
VCI,10:19:00,Sell Down,1500,43300.0,0.0
VCI,10:19:00,Sell Down,1500,43300.0,0.0
VCI,10:19:00,Sell Down,400,43300.0,0.0
VCI,10:19:00,Sell Down,700,43300.0,0.0
VCI,10:19:00,Sell Down,1700,43300.0,0.0
VCI,10:19:00,Sell Down,1700,43300.0,0.0
VCI,10:19:00,Sell Down,200,43300.0,0.0
VCI,10:19:00,Sell Down,300,43300.0,0.0
VCI,10:19:00,Sell Down,1800,43300.0,0.0
VCI,10:18:54,Sell Down,5000,43300.0,0.0
VCI,10:18:48,Sell Down,3000,43300.0,0.0
VCI,10:18:48,Sell Down,100,43300.0,0.0
VCI,10:18:48,Sell Down,100,43300.0,0.0
VCI,10:18:48,Sell Down,900,43300.0,0.0
VCI,10:18:48,Sell Down,900,43300.0,-50.0
VCI,10:18:43,Buy Up,8000,43350.0,50.0
VCI,10:18:42,Sell Down,600,43300.0,0.0
VCI,10:18:37,Sell Down,1000,43300.0,0.0
VCI,10:18:35,Sell Down,600,43300.0,0.0
VCI,10:18:28,Sell Down,5000,43300.0,0.0
VCI,10:18:27,Sell Down,600,43300.0,0.0
VCI,10:18:23,Sell Down,1000,43300.0,0.0
VCI,10:18:17,Sell Down,1000,43300.0,0.0
VCI,10:17:50,Sell Down,600,43300.0,0.0
VCI,10:17:39,Sell Down,600,43300.0,0.0
VCI,10:17:37,Sell Down,500,43300.0,0.0
VCI,10:17:28,Sell Down,500,43300.0,0.0
VCI,10:17:20,Sell Down,600,43300.0,0.0
VCI,10:17:12,Sell Down,300,43300.0,0.0
VCI,10:17:11,Sell Down,600,43300.0,0.0
VCI,10:17:08,Sell Down,3000,43300.0,0.0
VCI,10:17:05,Sell Down,600,43300.0,0.0
VCI,10:16:58,Sell Down,300,43300.0,0.0
VCI,10:16:50,Sell Down,500,43300.0,-50.0
VCI,10:16:36,Buy Up,1000,43350.0,0.0
VCI,10:16:36,Buy Up,2400,43350.0,0.0
VCI,10:16:36,Buy Up,100,43350.0,0.0
VCI,10:16:36,Buy Up,500,43350.0,0.0
VCI,10:16:36,Buy Up,1000,43350.0,0.0
VCI,10:16:36,Buy Up,100,43350.0,0.0
VCI,10:16:36,Buy Up,1900,43350.0,50.0
VCI,10:16:10,Sell Down,1000,43300.0,0.0
VCI,10:16:08,Sell Down,200,43300.0,-50.0
VCI,10:15:54,Buy Up,3000,43350.0,0.0
VCI,10:15:54,Buy Up,100,43350.0,0.0
VCI,10:15:54,Buy Up,8100,43350.0,0.0
VCI,10:15:51,Buy Up,10000,43350.0,0.0
VCI,10:15:39,Sell Down,200,43350.0,0.0
VCI,10:15:39,Sell Down,500,43350.0,0.0
VCI,10:15:39,Sell Down,1200,43350.0,0.0
VCI,10:15:37,Sell Down,100,43350.0,0.0
VCI,10:15:33,Sell Down,500,43350.0,0.0
VCI,10:15:33,Sell Down,500,43350.0,0.0
VCI,10:15:30,Sell Down,3100,43350.0,0.0
VCI,10:15:30,Sell Down,500,43350.0,0.0
VCI,10:15:25,Sell Down,500,43350.0,0.0
VCI,10:15:24,Sell Down,200,43350.0,0.0
VCI,10:15:19,Buy Up,100,43350.0,0.0
VCI,10:15:19,Buy Up,100,43350.0,0.0
VCI,10:15:19,Buy Up,1000,43350.0,0.0
VCI,10:15:19,Buy Up,2600,43350.0,0.0
VCI,10:15:16,Buy Up,500,43350.0,0.0
VCI,10:15:12,Buy Up,2100,43350.0,0.0
VCI,10:14:56,Buy Up,200,43350.0,0.0
VCI,10:14:53,Buy Up,1000,43350.0,0.0
VCI,10:14:47,Buy Up,3600,43350.0,0.0
VCI,10:14:47,Buy Up,2000,43350.0,0.0
VCI,10:14:47,Buy Up,300,43350.0,0.0
VCI,10:14:47,Buy Up,100,43350.0,0.0
VCI,10:14:47,Buy Up,2000,43350.0,0.0
VCI,10:14:47,Buy Up,3200,43350.0,50.0
VCI,10:14:34,Sell Down,300,43300.0,-50.0
VCI,10:14:28,Buy Up,6800,43350.0,0.0
VCI,10:14:28,Buy Up,1000,43350.0,0.0
VCI,10:14:28,Buy Up,400,43350.0,50.0
VCI,10:14:22,Sell Down,500,43300.0,0.0
VCI,10:13:55,Sell Down,100,43300.0,0.0
VCI,10:13:50,Sell Down,200,43300.0,0.0
VCI,10:13:49,Sell Down,3800,43300.0,0.0
VCI,10:13:25,Sell Down,500,43300.0,0.0
VCI,10:13:14,Sell Down,100,43300.0,0.0
VCI,10:13:13,Sell Down,5000,43300.0,0.0
VCI,10:13:06,Buy Up,200,43300.0,0.0
VCI,10:13:06,Buy Up,3000,43300.0,0.0
VCI,10:13:06,Buy Up,100,43300.0,0.0
VCI,10:13:06,Buy Up,500,43300.0,0.0
VCI,10:13:06,Buy Up,300,43300.0,0.0
VCI,10:13:06,Buy Up,1500,43300.0,0.0
VCI,10:13:06,Buy Up,100,43300.0,0.0
VCI,10:13:06,Buy Up,800,43300.0,0.0
VCI,10:13:06,Buy Up,100,43300.0,0.0
VCI,10:13:06,Buy Up,500,43300.0,0.0
VCI,10:13:06,Buy Up,100,43300.0,0.0
VCI,10:13:06,Buy Up,100,43300.0,0.0
VCI,10:13:06,Buy Up,10000,43300.0,0.0
VCI,10:13:06,Buy Up,2200,43300.0,0.0
VCI,10:13:05,Buy Up,700,43300.0,50.0
VCI,10:13:04,Sell Down,200,43250.0,-50.0
VCI,10:13:00,Buy Up,2100,43300.0,0.0
VCI,10:13:00,Buy Up,2700,43300.0,0.0
VCI,10:13:00,Buy Up,300,43300.0,0.0
VCI,10:13:00,Buy Up,200,43300.0,0.0
VCI,10:13:00,Buy Up,100,43300.0,0.0
VCI,10:13:00,Buy Up,200,43300.0,0.0
VCI,10:13:00,Buy Up,3400,43300.0,0.0
VCI,10:12:58,Buy Up,800,43300.0,0.0
VCI,10:12:49,Buy Up,5300,43300.0,0.0
VCI,10:12:49,Buy Up,4700,43300.0,0.0
VCI,10:12:46,Buy Up,1500,43300.0,0.0
VCI,10:12:41,Buy Up,10000,43300.0,0.0
VCI,10:12:33,Buy Up,3800,43300.0,0.0
VCI,10:12:33,Buy Up,500,43300.0,0.0
VCI,10:12:33,Buy Up,500,43300.0,0.0
VCI,10:12:33,Buy Up,5200,43300.0,0.0
VCI,10:12:29,Buy Up,800,43300.0,0.0
VCI,10:12:26,Buy Up,100,43300.0,0.0
VCI,10:12:26,Buy Up,4000,43300.0,0.0
VCI,10:12:26,Buy Up,100,43300.0,0.0
VCI,10:12:26,Buy Up,800,43300.0,0.0
VCI,10:12:15,Buy Up,200,43300.0,0.0
VCI,10:12:15,Buy Up,300,43300.0,50.0
VCI,10:12:10,Sell Down,300,43250.0,0.0
VCI,10:12:10,Sell Down,100,43250.0,0.0
VCI,10:12:00,Sell Down,1000,43250.0,0.0
VCI,10:11:59,Sell Down,100,43250.0,0.0
VCI,10:11:44,Sell Down,1000,43250.0,0.0
VCI,10:11:23,Sell Down,1000,43250.0,0.0
VCI,10:11:23,Sell Down,200,43250.0,0.0
VCI,10:11:16,Buy Up,300,43250.0,0.0
VCI,10:11:16,Buy Up,9700,43250.0,0.0
VCI,10:11:11,Buy Up,200,43250.0,0.0
VCI,10:11:08,Buy Up,100,43250.0,0.0
VCI,10:11:07,Buy Up,500,43250.0,0.0
VCI,10:10:56,Sell Down,500,43250.0,0.0
VCI,10:10:56,Sell Down,1000,43250.0,50.0
VCI,10:10:43,Sell Down,100,43200.0,0.0
VCI,10:10:38,Sell Down,200,43200.0,0.0
VCI,10:10:21,Buy Up,700,43200.0,0.0
VCI,10:10:19,Buy Up,3400,43200.0,0.0
VCI,10:10:16,Buy Up,200,43200.0,0.0
VCI,10:10:16,Buy Up,100,43200.0,0.0
VCI,10:10:12,Buy Up,100,43200.0,0.0
VCI,10:10:11,Buy Up,500,43200.0,0.0
VCI,10:10:08,Buy Up,500,43200.0,0.0
VCI,10:10:08,Buy Up,1000,43200.0,0.0
VCI,10:10:08,Buy Up,1000,43200.0,0.0
VCI,10:10:08,Buy Up,5000,43200.0,0.0
VCI,10:10:08,Buy Up,1100,43200.0,0.0
VCI,10:10:08,Buy Up,500,43200.0,0.0
VCI,10:10:08,Buy Up,1000,43200.0,0.0
VCI,10:10:08,Buy Up,3700,43200.0,0.0
VCI,10:10:08,Buy Up,2000,43200.0,0.0
VCI,10:10:08,Buy Up,2000,43200.0,0.0
VCI,10:10:08,Buy Up,2000,43200.0,0.0
VCI,10:10:08,Buy Up,500,43200.0,0.0
VCI,10:10:08,Buy Up,1000,43200.0,0.0
VCI,10:10:08,Buy Up,500,43200.0,0.0
VCI,10:10:08,Buy Up,200,43200.0,0.0
VCI,10:10:08,Buy Up,1000,43200.0,0.0
VCI,10:10:08,Buy Up,200,43200.0,-50.0
VCI,10:10:08,Buy Up,1800,43250.0,0.0
VCI,10:10:07,Sell Down,500,43250.0,50.0
VCI,10:10:00,Sell Down,5300,43200.0,-50.0
VCI,10:10:00,Sell Down,1700,43250.0,0.0
VCI,10:09:59,Buy Up,4000,43250.0,0.0
VCI,10:09:59,Buy Up,4300,43250.0,50.0
VCI,10:09:45,Sell Down,300,43200.0,-50.0
VCI,10:09:43,Buy Up,100,43250.0,0.0
VCI,10:09:37,Buy Up,1300,43250.0,0.0
VCI,10:09:31,Buy Up,500,43250.0,0.0
VCI,10:09:27,Buy Up,1500,43250.0,50.0
VCI,10:09:21,Sell Down,100,43200.0,-50.0
VCI,10:09:20,Buy Up,2400,43250.0,50.0
VCI,10:09:14,Sell Down,2000,43200.0,0.0
VCI,10:09:09,Sell Down,2100,43200.0,0.0
VCI,10:09:09,Sell Down,5000,43200.0,0.0
VCI,10:09:09,Sell Down,2000,43200.0,0.0
VCI,10:09:09,Sell Down,100,43200.0,0.0
VCI,10:09:09,Sell Down,600,43200.0,0.0
VCI,10:09:08,Sell Down,1000,43200.0,0.0
VCI,10:08:58,Sell Down,100,43200.0,0.0
VCI,10:08:57,Sell Down,200,43200.0,0.0
VCI,10:08:42,Sell Down,100,43200.0,-50.0
VCI,10:08:40,Sell Down,1200,43250.0,0.0
VCI,10:08:40,Sell Down,300,43250.0,0.0
VCI,10:08:40,Sell Down,100,43250.0,0.0
VCI,10:08:40,Sell Down,5900,43250.0,0.0
VCI,10:08:40,Sell Down,500,43250.0,0.0
VCI,10:08:40,Sell Down,1900,43250.0,0.0
VCI,10:08:36,Sell Down,2600,43250.0,0.0
VCI,10:08:36,Sell Down,200,43250.0,0.0
VCI,10:08:36,Sell Down,100,43250.0,0.0
VCI,10:08:36,Sell Down,900,43250.0,0.0
VCI,10:08:36,Sell Down,5000,43250.0,0.0
VCI,10:08:36,Sell Down,100,43250.0,0.0
VCI,10:08:36,Sell Down,600,43250.0,0.0
VCI,10:08:36,Sell Down,500,43250.0,0.0
VCI,10:08:36,Sell Down,5000,43250.0,0.0
VCI,10:08:36,Sell Down,3000,43250.0,0.0
VCI,10:08:36,Sell Down,1000,43250.0,0.0
VCI,10:08:36,Sell Down,1000,43250.0,0.0
VCI,10:08:27,Sell Down,600,43250.0,0.0
VCI,10:08:27,Sell Down,100,43250.0,0.0
VCI,10:08:27,Sell Down,2000,43250.0,0.0
VCI,10:08:27,Sell Down,300,43250.0,0.0
VCI,10:08:13,Sell Down,300,43250.0,0.0
VCI,10:07:57,Sell Down,500,43250.0,-50.0
VCI,10:07:49,Buy Up,700,43300.0,0.0
VCI,10:07:49,Buy Up,1700,43300.0,0.0
VCI,10:07:47,Buy Up,1500,43300.0,50.0
VCI,10:07:33,Sell Down,1000,43250.0,-50.0
VCI,10:07:28,Buy Up,100,43300.0,50.0
VCI,10:07:25,Sell Down,900,43250.0,0.0
VCI,10:07:25,Sell Down,1000,43250.0,0.0
VCI,10:07:25,Sell Down,500,43250.0,0.0
VCI,10:07:25,Sell Down,700,43250.0,0.0
VCI,10:07:25,Sell Down,2000,43250.0,0.0
VCI,10:07:25,Sell Down,200,43250.0,0.0
VCI,10:07:25,Sell Down,100,43250.0,0.0
VCI,10:07:25,Sell Down,100,43250.0,0.0
VCI,10:07:25,Sell Down,500,43250.0,0.0
VCI,10:07:20,Sell Down,200,43250.0,-50.0
VCI,10:06:54,Buy Up,1000,43300.0,0.0
VCI,10:06:50,Sell Down,1000,43300.0,0.0
VCI,10:06:50,Sell Down,2000,43300.0,0.0
VCI,10:06:50,Sell Down,1400,43300.0,0.0
VCI,10:06:50,Sell Down,1000,43300.0,0.0
VCI,10:06:50,Sell Down,300,43300.0,0.0
VCI,10:06:48,Sell Down,100,43300.0,0.0
VCI,10:06:39,Sell Down,1000,43300.0,0.0
VCI,10:06:35,Sell Down,100,43300.0,0.0
VCI,10:06:35,Sell Down,200,43300.0,0.0
VCI,10:06:29,Sell Down,1000,43300.0,0.0
VCI,10:06:25,Sell Down,300,43300.0,0.0
VCI,10:06:23,Sell Down,600,43300.0,0.0
VCI,10:06:23,Sell Down,1500,43300.0,0.0
VCI,10:06:23,Sell Down,4300,43300.0,0.0
VCI,10:06:23,Sell Down,1000,43300.0,0.0
VCI,10:06:23,Sell Down,200,43300.0,0.0
VCI,10:06:23,Sell Down,2200,43300.0,0.0
VCI,10:06:23,Sell Down,1100,43300.0,0.0
VCI,10:06:23,Sell Down,200,43300.0,0.0
VCI,10:06:23,Sell Down,500,43300.0,0.0
VCI,10:06:23,Sell Down,100,43300.0,0.0
VCI,10:06:23,Sell Down,1000,43300.0,0.0
VCI,10:06:23,Sell Down,2600,43300.0,0.0
VCI,10:06:23,Sell Down,400,43300.0,0.0
VCI,10:06:23,Sell Down,1000,43300.0,0.0
VCI,10:06:23,Sell Down,6600,43300.0,0.0
VCI,10:06:23,Sell Down,2600,43300.0,0.0
VCI,10:06:23,Sell Down,200,43300.0,0.0
VCI,10:06:23,Sell Down,900,43300.0,0.0
VCI,10:06:23,Sell Down,500,43300.0,0.0
VCI,10:06:23,Sell Down,700,43300.0,0.0
VCI,10:06:23,Sell Down,500,43300.0,0.0
VCI,10:06:23,Sell Down,100,43300.0,0.0
VCI,10:06:23,Sell Down,200,43300.0,0.0
VCI,10:06:23,Sell Down,1000,43300.0,0.0
VCI,10:06:23,Sell Down,500,43300.0,0.0
VCI,10:06:23,Sell Down,1000,43300.0,0.0
VCI,10:06:23,Sell Down,200,43300.0,0.0
VCI,10:06:23,Sell Down,1000,43300.0,0.0
VCI,10:06:23,Sell Down,200,43300.0,0.0
VCI,10:06:23,Sell Down,500,43300.0,0.0
VCI,10:06:23,Sell Down,1000,43300.0,0.0
VCI,10:06:23,Sell Down,300,43300.0,0.0
VCI,10:06:23,Sell Down,100,43300.0,0.0
VCI,10:06:23,Sell Down,200,43300.0,0.0
VCI,10:06:23,Sell Down,1000,43300.0,0.0
VCI,10:06:23,Sell Down,1000,43300.0,0.0
VCI,10:06:23,Sell Down,3000,43300.0,0.0
VCI,10:06:20,Sell Down,100,43300.0,0.0
VCI,10:06:13,Sell Down,100,43300.0,0.0
VCI,10:05:50,Sell Down,200,43300.0,-50.0
VCI,10:05:43,Buy Up,200,43350.0,50.0
VCI,10:05:42,Sell Down,300,43300.0,0.0
VCI,10:05:38,Sell Down,700,43300.0,0.0
VCI,10:05:38,Sell Down,100,43300.0,0.0
VCI,10:05:38,Sell Down,200,43300.0,-50.0
VCI,10:05:27,Buy Up,300,43350.0,0.0
VCI,10:05:16,Buy Up,1000,43350.0,0.0
VCI,10:05:16,Buy Up,100,43350.0,0.0
VCI,10:05:16,Buy Up,1900,43350.0,0.0
VCI,10:05:09,Buy Up,500,43350.0,0.0
VCI,10:05:08,Buy Up,500,43350.0,0.0
VCI,10:05:08,Buy Up,200,43350.0,0.0
VCI,10:05:08,Buy Up,500,43350.0,0.0
VCI,10:05:08,Buy Up,1400,43350.0,0.0
VCI,10:05:08,Buy Up,5000,43350.0,0.0
VCI,10:05:03,Sell Down,300,43350.0,0.0
VCI,10:04:58,Sell Down,100,43350.0,0.0
VCI,10:04:58,Sell Down,200,43350.0,0.0
VCI,10:04:58,Sell Down,700,43350.0,0.0
VCI,10:04:57,Sell Down,300,43350.0,0.0
VCI,10:04:46,Sell Down,500,43350.0,0.0
VCI,10:04:16,Sell Down,100,43350.0,0.0
VCI,10:04:14,Sell Down,1000,43350.0,0.0
VCI,10:04:12,Sell Down,10000,43350.0,0.0
VCI,10:04:12,Sell Down,4000,43350.0,0.0
VCI,10:04:12,Sell Down,1900,43350.0,0.0
VCI,10:04:12,Sell Down,100,43350.0,0.0
VCI,10:04:12,Sell Down,500,43350.0,0.0
VCI,10:04:12,Sell Down,900,43350.0,50.0
VCI,10:04:11,Sell Down,700,43300.0,0.0
VCI,10:04:10,Sell Down,200,43300.0,0.0
VCI,10:04:06,Sell Down,500,43300.0,0.0
VCI,10:03:46,Sell Down,100,43300.0,0.0
VCI,10:03:34,Sell Down,500,43300.0,0.0
VCI,10:03:34,Sell Down,300,43300.0,0.0
VCI,10:03:34,Sell Down,4200,43300.0,0.0
VCI,10:03:25,Sell Down,200,43300.0,-50.0
VCI,10:03:22,Buy Up,4600,43350.0,0.0
VCI,10:03:22,Buy Up,200,43350.0,0.0
VCI,10:03:22,Buy Up,200,43350.0,0.0
VCI,10:03:17,Buy Up,4800,43350.0,0.0
VCI,10:03:17,Buy Up,3200,43350.0,0.0
VCI,10:03:07,Buy Up,200,43350.0,0.0
VCI,10:03:02,Buy Up,1000,43350.0,50.0
VCI,10:02:53,Sell Down,500,43300.0,0.0
VCI,10:02:41,Sell Down,100,43300.0,0.0
VCI,10:02:41,Sell Down,100,43300.0,0.0
VCI,10:02:37,Sell Down,500,43300.0,0.0
VCI,10:02:34,Sell Down,1000,43300.0,0.0
VCI,10:02:21,Sell Down,100,43300.0,0.0
VCI,10:02:08,Sell Down,1000,43300.0,-50.0
VCI,10:02:05,Buy Up,200,43350.0,50.0
VCI,10:01:57,Sell Down,300,43300.0,0.0
VCI,10:01:53,Sell Down,2100,43300.0,0.0
VCI,10:01:53,Sell Down,1900,43300.0,0.0
VCI,10:01:48,Sell Down,200,43300.0,0.0
VCI,10:01:48,Sell Down,700,43300.0,0.0
VCI,10:01:38,Sell Down,2200,43300.0,0.0
VCI,10:01:38,Sell Down,200,43300.0,0.0
VCI,10:01:37,Sell Down,600,43300.0,0.0
VCI,10:01:33,Sell Down,1000,43300.0,-50.0
VCI,10:01:32,Buy Up,400,43350.0,0.0
VCI,10:01:32,Buy Up,1500,43350.0,0.0
VCI,10:01:32,Buy Up,2000,43350.0,0.0
VCI,10:01:32,Buy Up,1100,43350.0,0.0
VCI,10:01:25,Buy Up,100,43350.0,0.0
VCI,10:01:23,Buy Up,500,43350.0,0.0
VCI,10:01:20,Sell Down,500,43350.0,0.0
VCI,10:01:20,Sell Down,17800,43350.0,0.0
VCI,10:01:20,Sell Down,500,43350.0,0.0
VCI,10:01:10,Sell Down,1000,43350.0,0.0
VCI,10:01:09,Sell Down,200,43350.0,0.0
VCI,10:01:04,Buy Up,2000,43350.0,0.0
VCI,10:01:04,Buy Up,2000,43350.0,0.0
VCI,10:01:04,Buy Up,400,43350.0,0.0
VCI,10:01:04,Buy Up,1100,43350.0,0.0
VCI,10:00:55,Buy Up,500,43350.0,0.0
VCI,10:00:55,Buy Up,5000,43350.0,0.0
VCI,10:00:55,Buy Up,100,43350.0,0.0
VCI,10:00:55,Buy Up,1100,43350.0,0.0
VCI,10:00:55,Buy Up,200,43350.0,0.0
VCI,10:00:55,Buy Up,5000,43350.0,0.0
VCI,10:00:55,Buy Up,5000,43350.0,0.0
VCI,10:00:55,Buy Up,2000,43350.0,0.0
VCI,10:00:52,Sell Down,1000,43350.0,0.0
VCI,10:00:52,Sell Down,200,43350.0,0.0
VCI,10:00:52,Sell Down,100,43350.0,0.0
VCI,10:00:52,Sell Down,1700,43350.0,0.0
VCI,10:00:40,Sell Down,700,43350.0,0.0
VCI,10:00:25,Sell Down,200,43350.0,0.0
VCI,10:00:16,Sell Down,200,43350.0,-50.0
VCI,10:00:12,Buy Up,100,43400.0,50.0
VCI,10:00:05,Sell Down,1000,43350.0,0.0
VCI,09:59:44,Sell Down,700,43350.0,0.0
VCI,09:59:36,Sell Down,200,43350.0,-50.0
VCI,09:59:28,Buy Up,500,43400.0,0.0
VCI,09:59:28,Buy Up,900,43400.0,0.0
VCI,09:59:28,Buy Up,5000,43400.0,0.0
VCI,09:59:28,Buy Up,100,43400.0,0.0
VCI,09:59:27,Sell Down,2300,43400.0,0.0
VCI,09:59:27,Sell Down,200,43400.0,0.0
VCI,09:59:24,Sell Down,800,43400.0,0.0
VCI,09:59:24,Sell Down,200,43400.0,0.0
VCI,09:59:16,Sell Down,300,43400.0,0.0
VCI,09:59:16,Sell Down,200,43400.0,0.0
VCI,09:59:16,Sell Down,1500,43400.0,0.0
VCI,09:59:15,Sell Down,500,43400.0,0.0
VCI,09:59:15,Sell Down,1000,43400.0,0.0
VCI,09:59:15,Sell Down,500,43400.0,0.0
VCI,09:59:13,Sell Down,100,43400.0,0.0
VCI,09:59:11,Sell Down,50000,43400.0,0.0
VCI,09:59:09,Sell Down,100,43400.0,0.0
VCI,09:58:54,Sell Down,500,43400.0,0.0
VCI,09:58:49,Sell Down,300,43400.0,0.0
VCI,09:58:48,Sell Down,300,43400.0,0.0
VCI,09:58:47,Sell Down,4900,43400.0,0.0
VCI,09:58:47,Sell Down,5000,43400.0,-50.0
VCI,09:58:46,Sell Down,1300,43450.0,0.0
VCI,09:58:43,Sell Down,200,43450.0,0.0
VCI,09:58:43,Sell Down,300,43450.0,0.0
VCI,09:58:33,Sell Down,800,43450.0,0.0
VCI,09:58:33,Sell Down,1000,43450.0,0.0
VCI,09:58:30,Sell Down,500,43450.0,0.0
VCI,09:58:28,Sell Down,500,43450.0,0.0
VCI,09:58:23,Sell Down,400,43450.0,0.0
VCI,09:58:22,Sell Down,1500,43450.0,0.0
VCI,09:58:22,Sell Down,1000,43450.0,0.0
VCI,09:58:22,Sell Down,4000,43450.0,0.0
VCI,09:58:22,Sell Down,200,43450.0,0.0
VCI,09:58:22,Sell Down,2300,43450.0,0.0
VCI,09:58:21,Sell Down,100,43450.0,0.0
VCI,09:58:18,Sell Down,500,43450.0,0.0
VCI,09:58:17,Sell Down,1000,43450.0,0.0
VCI,09:58:11,Sell Down,500,43450.0,0.0
VCI,09:58:08,Sell Down,600,43450.0,0.0
VCI,09:58:08,Sell Down,100,43450.0,0.0
VCI,09:58:08,Sell Down,200,43450.0,0.0
VCI,09:58:08,Sell Down,1000,43450.0,0.0
VCI,09:58:05,Sell Down,200,43450.0,0.0
VCI,09:58:05,Sell Down,2200,43450.0,0.0
VCI,09:58:05,Sell Down,1300,43450.0,0.0
VCI,09:58:04,Sell Down,1000,43450.0,0.0
VCI,09:57:59,Sell Down,2000,43450.0,-50.0
VCI,09:57:49,Buy Up,300,43500.0,50.0
VCI,09:57:48,Sell Down,700,43450.0,-50.0
VCI,09:57:40,Buy Up,300,43500.0,0.0
VCI,09:57:39,Buy Up,1000,43500.0,-50.0
VCI,09:57:36,Buy Up,2100,43550.0,50.0
VCI,09:57:36,Buy Up,2900,43500.0,0.0
VCI,09:57:36,Sell Down,1500,43500.0,0.0
VCI,09:57:36,Sell Down,400,43500.0,0.0
VCI,09:57:36,Sell Down,1600,43500.0,0.0
VCI,09:57:36,Sell Down,1900,43500.0,0.0
VCI,09:57:36,Sell Down,1000,43500.0,0.0
VCI,09:57:36,Sell Down,500,43500.0,0.0
VCI,09:57:35,Sell Down,500,43500.0,0.0
VCI,09:57:35,Sell Down,1500,43500.0,0.0
VCI,09:57:34,Sell Down,500,43500.0,0.0
VCI,09:57:33,Sell Down,400,43500.0,0.0
VCI,09:57:33,Sell Down,100,43500.0,0.0
VCI,09:57:33,Sell Down,100,43500.0,0.0
VCI,09:57:33,Sell Down,200,43500.0,0.0
VCI,09:57:33,Sell Down,200,43500.0,0.0
VCI,09:57:30,Sell Down,800,43500.0,0.0
VCI,09:57:30,Sell Down,200,43500.0,-50.0
VCI,09:57:27,Buy Up,2000,43550.0,50.0
VCI,09:57:26,Sell Down,100,43500.0,0.0
VCI,09:57:22,Sell Down,500,43500.0,-50.0
VCI,09:57:22,Buy Up,500,43550.0,0.0
VCI,09:57:22,Buy Up,500,43550.0,0.0
VCI,09:57:22,Buy Up,300,43550.0,0.0
VCI,09:57:21,Sell Down,100,43550.0,0.0
VCI,09:57:21,Sell Down,200,43550.0,0.0
VCI,09:57:19,Sell Down,400,43550.0,0.0
VCI,09:57:19,Sell Down,600,43550.0,0.0
VCI,09:57:19,Sell Down,2000,43550.0,0.0
VCI,09:57:18,Sell Down,3000,43550.0,0.0
VCI,09:57:11,Sell Down,2000,43550.0,0.0
VCI,09:57:06,Sell Down,3000,43550.0,0.0
VCI,09:57:06,Sell Down,2000,43550.0,0.0
VCI,09:57:04,Sell Down,200,43550.0,0.0
VCI,09:57:04,Sell Down,500,43550.0,0.0
VCI,09:57:04,Sell Down,200,43550.0,0.0
VCI,09:57:04,Sell Down,3000,43550.0,0.0
VCI,09:57:04,Sell Down,100,43550.0,0.0
VCI,09:57:04,Sell Down,400,43550.0,0.0
VCI,09:57:04,Sell Down,600,43550.0,-50.0
VCI,09:57:03,Buy Up,2000,43600.0,0.0
VCI,09:56:55,Sell Down,100,43600.0,-50.0
VCI,09:56:55,Buy Up,1500,43650.0,0.0
VCI,09:56:55,Buy Up,20000,43650.0,0.0
VCI,09:56:55,Buy Up,1000,43650.0,0.0
VCI,09:56:55,Buy Up,100,43650.0,0.0
VCI,09:56:55,Buy Up,5000,43650.0,50.0
VCI,09:56:55,Buy Up,200,43600.0,0.0
VCI,09:56:55,Buy Up,500,43600.0,0.0
VCI,09:56:55,Buy Up,200,43600.0,0.0
VCI,09:56:55,Buy Up,200,43600.0,0.0
VCI,09:56:55,Buy Up,7300,43600.0,0.0
VCI,09:56:54,Buy Up,2600,43600.0,0.0
VCI,09:56:51,Buy Up,100,43600.0,0.0
VCI,09:56:51,Buy Up,400,43600.0,0.0
VCI,09:56:51,Buy Up,200,43600.0,0.0
VCI,09:56:51,Buy Up,1000,43600.0,0.0
VCI,09:56:51,Buy Up,1800,43600.0,0.0
VCI,09:56:49,Buy Up,300,43600.0,0.0
VCI,09:56:46,Sell Down,4200,43600.0,0.0
VCI,09:56:46,Sell Down,500,43600.0,0.0
VCI,09:56:46,Sell Down,3000,43600.0,0.0
VCI,09:56:46,Sell Down,200,43600.0,0.0
VCI,09:56:46,Sell Down,4600,43600.0,0.0
VCI,09:56:46,Sell Down,400,43600.0,0.0
VCI,09:56:41,Sell Down,16600,43600.0,0.0
VCI,09:56:41,Sell Down,500,43600.0,0.0
VCI,09:56:41,Sell Down,600,43600.0,0.0
VCI,09:56:41,Sell Down,2300,43600.0,0.0
VCI,09:56:40,Sell Down,600,43600.0,-50.0
VCI,09:56:38,Buy Up,5000,43650.0,0.0
VCI,09:56:38,Buy Up,100,43650.0,0.0
VCI,09:56:38,Buy Up,5000,43650.0,0.0
VCI,09:56:38,Buy Up,8900,43650.0,50.0
VCI,09:56:37,Sell Down,1000,43600.0,0.0
VCI,09:56:35,Sell Down,1100,43600.0,0.0
VCI,09:56:35,Sell Down,3900,43600.0,0.0
VCI,09:56:34,Sell Down,200,43600.0,-50.0
VCI,09:56:34,Buy Up,1100,43650.0,0.0
VCI,09:56:34,Buy Up,100,43650.0,0.0
VCI,09:56:34,Buy Up,600,43650.0,0.0
VCI,09:56:34,Buy Up,200,43650.0,50.0
VCI,09:56:31,Sell Down,900,43600.0,0.0
VCI,09:56:31,Sell Down,400,43600.0,0.0
VCI,09:56:31,Sell Down,200,43600.0,-50.0
VCI,09:56:27,Buy Up,500,43650.0,0.0
VCI,09:56:27,Buy Up,300,43650.0,0.0
VCI,09:56:27,Buy Up,200,43650.0,0.0
VCI,09:56:27,Buy Up,2000,43650.0,0.0
VCI,09:56:27,Buy Up,600,43650.0,50.0
VCI,09:56:26,Sell Down,1000,43600.0,0.0
VCI,09:56:23,Sell Down,600,43600.0,-50.0
VCI,09:56:22,Buy Up,400,43650.0,0.0
VCI,09:56:22,Buy Up,500,43650.0,0.0
VCI,09:56:22,Buy Up,100,43650.0,50.0
VCI,09:56:22,Sell Down,300,43600.0,0.0
VCI,09:56:19,Sell Down,1000,43600.0,0.0
VCI,09:56:18,Sell Down,100,43600.0,0.0
VCI,09:56:17,Sell Down,5000,43600.0,0.0
VCI,09:56:14,Sell Down,500,43600.0,0.0
VCI,09:56:12,Buy Up,1000,43600.0,0.0
VCI,09:56:12,Buy Up,100,43600.0,0.0
VCI,09:56:12,Buy Up,100,43600.0,0.0
VCI,09:56:12,Buy Up,100,43600.0,0.0
VCI,09:56:11,Buy Up,400,43600.0,0.0
VCI,09:56:11,Buy Up,300,43600.0,0.0
VCI,09:56:11,Buy Up,500,43600.0,0.0
VCI,09:56:11,Buy Up,100,43600.0,0.0
VCI,09:56:11,Buy Up,1000,43600.0,0.0
VCI,09:56:11,Buy Up,900,43600.0,0.0
VCI,09:56:11,Buy Up,100,43600.0,0.0
VCI,09:56:11,Buy Up,100,43600.0,0.0
VCI,09:56:11,Buy Up,100,43600.0,0.0
VCI,09:56:11,Buy Up,1000,43600.0,0.0
VCI,09:56:11,Buy Up,100,43600.0,0.0
VCI,09:56:11,Buy Up,100,43600.0,0.0
VCI,09:56:11,Buy Up,100,43600.0,0.0
VCI,09:56:11,Buy Up,1000,43600.0,0.0
VCI,09:56:11,Buy Up,200,43600.0,0.0
VCI,09:56:11,Buy Up,500,43600.0,0.0
VCI,09:56:11,Buy Up,1000,43600.0,0.0
VCI,09:56:11,Buy Up,2000,43600.0,0.0
VCI,09:56:11,Buy Up,2000,43600.0,0.0
VCI,09:56:11,Buy Up,2000,43600.0,0.0
VCI,09:56:11,Buy Up,300,43600.0,0.0
VCI,09:56:11,Buy Up,1400,43600.0,0.0
VCI,09:56:07,Buy Up,600,43600.0,0.0
VCI,09:56:07,Buy Up,200,43600.0,0.0
VCI,09:56:07,Buy Up,100,43600.0,0.0
VCI,09:56:07,Buy Up,200,43600.0,0.0
VCI,09:56:07,Buy Up,200,43600.0,0.0
VCI,09:56:07,Buy Up,100,43600.0,0.0
VCI,09:56:07,Buy Up,100,43600.0,0.0
VCI,09:56:07,Buy Up,100,43600.0,0.0
VCI,09:56:07,Buy Up,300,43600.0,0.0
VCI,09:56:07,Buy Up,100,43600.0,0.0
VCI,09:56:07,Buy Up,200,43600.0,0.0
VCI,09:56:07,Buy Up,200,43600.0,0.0
VCI,09:56:07,Buy Up,100,43600.0,0.0
VCI,09:56:07,Buy Up,200,43600.0,0.0
VCI,09:56:07,Buy Up,100,43600.0,0.0
VCI,09:56:07,Buy Up,100,43600.0,0.0
VCI,09:56:07,Buy Up,1000,43600.0,0.0
VCI,09:56:07,Buy Up,100,43600.0,0.0
VCI,09:56:07,Buy Up,100,43600.0,0.0
VCI,09:56:07,Buy Up,5900,43600.0,0.0
VCI,09:56:06,Buy Up,1300,43600.0,0.0
VCI,09:56:05,Buy Up,500,43600.0,0.0
VCI,09:56:03,Buy Up,2300,43600.0,0.0
VCI,09:56:03,Buy Up,100,43600.0,0.0
VCI,09:56:03,Buy Up,10000,43600.0,0.0
VCI,09:56:03,Buy Up,5600,43600.0,50.0
VCI,09:56:00,Sell Down,2000,43550.0,-50.0
VCI,09:56:00,Buy Up,2400,43600.0,0.0
VCI,09:55:57,Buy Up,500,43600.0,0.0
VCI,09:55:53,Buy Up,11700,43600.0,0.0
VCI,09:55:53,Buy Up,12000,43600.0,0.0
VCI,09:55:53,Buy Up,3000,43600.0,0.0
VCI,09:55:53,Buy Up,1000,43600.0,0.0
VCI,09:55:53,Buy Up,2000,43600.0,0.0
VCI,09:55:53,Buy Up,300,43600.0,50.0
VCI,09:55:51,Sell Down,300,43550.0,0.0
VCI,09:55:51,Sell Down,200,43550.0,-50.0
VCI,09:55:48,Buy Up,700,43600.0,0.0
VCI,09:55:48,Buy Up,200,43600.0,0.0
VCI,09:55:48,Buy Up,600,43600.0,50.0
VCI,09:55:47,Sell Down,300,43550.0,0.0
VCI,09:55:46,Sell Down,200,43550.0,0.0
VCI,09:55:44,Sell Down,300,43550.0,0.0
VCI,09:55:43,Sell Down,1000,43550.0,0.0
VCI,09:55:42,Sell Down,500,43550.0,0.0
VCI,09:55:41,Sell Down,2000,43550.0,0.0
VCI,09:55:35,Sell Down,100,43550.0,0.0
VCI,09:55:26,Sell Down,200,43550.0,0.0
VCI,09:55:22,Sell Down,1000,43550.0,0.0
VCI,09:55:20,Sell Down,200,43550.0,0.0
VCI,09:55:16,Sell Down,100,43550.0,-50.0
VCI,09:55:15,Buy Up,1400,43600.0,0.0
VCI,09:55:15,Buy Up,700,43600.0,0.0
VCI,09:55:15,Buy Up,1000,43600.0,0.0
VCI,09:55:15,Buy Up,500,43600.0,0.0
VCI,09:55:15,Buy Up,200,43600.0,50.0
VCI,09:55:11,Sell Down,1000,43550.0,0.0
VCI,09:55:08,Sell Down,100,43550.0,-50.0
VCI,09:55:04,Buy Up,100,43600.0,50.0
VCI,09:55:04,Sell Down,1000,43550.0,0.0
VCI,09:55:01,Sell Down,1800,43550.0,0.0
VCI,09:55:01,Sell Down,500,43550.0,0.0
VCI,09:55:01,Sell Down,500,43550.0,0.0
VCI,09:55:00,Sell Down,500,43550.0,0.0
VCI,09:54:57,Sell Down,200,43550.0,0.0
VCI,09:54:54,Sell Down,200,43550.0,0.0
VCI,09:54:53,Buy Up,1000,43550.0,0.0
VCI,09:54:50,Sell Down,200,43550.0,0.0
VCI,09:54:50,Sell Down,300,43550.0,0.0
VCI,09:54:45,Sell Down,700,43550.0,0.0
VCI,09:54:45,Sell Down,100,43550.0,0.0
VCI,09:54:45,Sell Down,1200,43550.0,0.0
VCI,09:54:44,Sell Down,800,43550.0,0.0
VCI,09:54:44,Sell Down,600,43550.0,0.0
VCI,09:54:44,Sell Down,1600,43550.0,-50.0
VCI,09:54:42,Buy Up,1000,43600.0,50.0
VCI,09:54:41,Sell Down,1000,43550.0,-50.0
VCI,09:54:39,Buy Up,5000,43600.0,0.0
VCI,09:54:39,Buy Up,2000,43600.0,0.0
VCI,09:54:39,Buy Up,500,43600.0,0.0
VCI,09:54:39,Buy Up,2500,43600.0,50.0
VCI,09:54:34,Sell Down,1000,43550.0,0.0
VCI,09:54:34,Sell Down,5000,43550.0,0.0
VCI,09:54:34,Sell Down,9000,43550.0,-50.0
VCI,09:54:30,Buy Up,1000,43600.0,50.0
VCI,09:54:28,Sell Down,1000,43550.0,0.0
VCI,09:54:28,Sell Down,500,43550.0,0.0
VCI,09:54:27,Sell Down,4500,43550.0,0.0
VCI,09:54:27,Sell Down,200,43550.0,0.0
VCI,09:54:27,Sell Down,300,43550.0,0.0
VCI,09:54:25,Sell Down,200,43550.0,-50.0
VCI,09:54:25,Buy Up,5000,43600.0,0.0
VCI,09:54:23,Buy Up,6500,43600.0,0.0
VCI,09:54:22,Buy Up,200,43600.0,0.0
VCI,09:54:22,Buy Up,300,43600.0,0.0
VCI,09:54:22,Buy Up,4000,43600.0,50.0
VCI,09:54:18,Sell Down,1200,43550.0,0.0
VCI,09:54:15,Sell Down,100,43550.0,0.0
VCI,09:54:13,Sell Down,100,43550.0,0.0
VCI,09:54:13,Sell Down,100,43550.0,0.0
VCI,09:54:13,Sell Down,1000,43550.0,0.0
VCI,09:54:13,Sell Down,1000,43550.0,0.0
VCI,09:54:13,Sell Down,500,43550.0,0.0
VCI,09:54:13,Buy Up,1500,43550.0,0.0
VCI,09:54:12,Buy Up,500,43550.0,0.0
VCI,09:54:11,Buy Up,3000,43550.0,50.0
VCI,09:54:09,Sell Down,100,43500.0,-50.0
VCI,09:54:09,Buy Up,8500,43550.0,0.0
VCI,09:54:09,Buy Up,3000,43550.0,0.0
VCI,09:54:09,Buy Up,8500,43550.0,50.0
VCI,09:54:09,Sell Down,700,43500.0,0.0
VCI,09:54:07,Sell Down,200,43500.0,0.0
VCI,09:54:05,Sell Down,300,43500.0,-50.0
VCI,09:54:04,Buy Up,100,43550.0,50.0
VCI,09:54:01,Sell Down,400,43500.0,0.0
VCI,09:53:59,Sell Down,1000,43500.0,-50.0
VCI,09:53:57,Buy Up,1400,43550.0,0.0
VCI,09:53:57,Buy Up,2000,43550.0,0.0
VCI,09:53:57,Buy Up,1000,43550.0,0.0
VCI,09:53:57,Buy Up,300,43550.0,0.0
VCI,09:53:57,Buy Up,500,43550.0,0.0
VCI,09:53:57,Buy Up,500,43550.0,0.0
VCI,09:53:57,Buy Up,100,43550.0,0.0
VCI,09:53:57,Buy Up,500,43550.0,0.0
VCI,09:53:57,Buy Up,1000,43550.0,0.0
VCI,09:53:57,Buy Up,600,43550.0,0.0
VCI,09:53:57,Buy Up,100,43550.0,50.0
VCI,09:53:54,Sell Down,1000,43500.0,0.0
VCI,09:53:54,Sell Down,2000,43500.0,0.0
VCI,09:53:53,Sell Down,100,43500.0,0.0
VCI,09:53:52,Buy Up,100,43500.0,0.0
VCI,09:53:52,Buy Up,200,43500.0,0.0
VCI,09:53:52,Buy Up,200,43500.0,0.0
VCI,09:53:52,Buy Up,500,43500.0,0.0
VCI,09:53:52,Buy Up,300,43500.0,0.0
VCI,09:53:52,Buy Up,500,43500.0,0.0
VCI,09:53:52,Buy Up,100,43500.0,0.0
VCI,09:53:52,Buy Up,500,43500.0,0.0
VCI,09:53:52,Buy Up,800,43500.0,0.0
VCI,09:53:52,Buy Up,1000,43500.0,0.0
VCI,09:53:52,Buy Up,1000,43500.0,0.0
VCI,09:53:52,Buy Up,5000,43500.0,0.0
VCI,09:53:52,Buy Up,1000,43500.0,0.0
VCI,09:53:52,Buy Up,100,43500.0,0.0
VCI,09:53:52,Buy Up,100,43500.0,0.0
VCI,09:53:52,Buy Up,500,43500.0,0.0
VCI,09:53:52,Buy Up,200,43500.0,0.0
VCI,09:53:52,Buy Up,200,43500.0,0.0
VCI,09:53:52,Buy Up,2000,43500.0,0.0
VCI,09:53:52,Buy Up,500,43500.0,0.0
VCI,09:53:52,Buy Up,1100,43500.0,0.0
VCI,09:53:52,Buy Up,2000,43500.0,0.0
VCI,09:53:52,Buy Up,200,43500.0,0.0
VCI,09:53:52,Buy Up,100,43500.0,0.0
VCI,09:53:52,Buy Up,500,43500.0,0.0
VCI,09:53:52,Buy Up,500,43500.0,0.0
VCI,09:53:52,Buy Up,500,43500.0,0.0
VCI,09:53:52,Buy Up,1000,43500.0,0.0
VCI,09:53:52,Buy Up,300,43500.0,0.0
VCI,09:53:52,Buy Up,400,43500.0,0.0
VCI,09:53:52,Buy Up,500,43500.0,0.0
VCI,09:53:52,Buy Up,10000,43500.0,0.0
VCI,09:53:52,Buy Up,1000,43500.0,0.0
VCI,09:53:52,Buy Up,100,43500.0,0.0
VCI,09:53:52,Buy Up,10000,43500.0,0.0
VCI,09:53:52,Buy Up,500,43500.0,0.0
VCI,09:53:52,Buy Up,100,43500.0,0.0
VCI,09:53:52,Buy Up,100,43500.0,0.0
VCI,09:53:52,Buy Up,500,43500.0,0.0
VCI,09:53:52,Buy Up,100,43500.0,0.0
VCI,09:53:52,Buy Up,300,43500.0,0.0
VCI,09:53:52,Buy Up,700,43500.0,0.0
VCI,09:53:52,Buy Up,1000,43500.0,0.0
VCI,09:53:52,Buy Up,2000,43500.0,0.0
VCI,09:53:52,Buy Up,200,43500.0,0.0
VCI,09:53:52,Buy Up,500,43500.0,0.0
VCI,09:53:52,Buy Up,100,43500.0,0.0
VCI,09:53:52,Buy Up,1000,43500.0,0.0
VCI,09:53:52,Buy Up,3000,43500.0,0.0
VCI,09:53:52,Buy Up,2000,43500.0,0.0
VCI,09:53:52,Buy Up,100,43500.0,0.0
VCI,09:53:52,Buy Up,1000,43500.0,0.0
VCI,09:53:52,Buy Up,200,43500.0,0.0
VCI,09:53:52,Buy Up,400,43500.0,0.0
VCI,09:53:52,Buy Up,500,43500.0,0.0
VCI,09:53:52,Buy Up,200,43500.0,0.0
VCI,09:53:52,Buy Up,300,43500.0,0.0
VCI,09:53:52,Buy Up,200,43500.0,0.0
VCI,09:53:52,Buy Up,100,43500.0,0.0
VCI,09:53:52,Buy Up,200,43500.0,0.0
VCI,09:53:52,Buy Up,200,43500.0,0.0
VCI,09:53:52,Buy Up,100,43500.0,0.0
VCI,09:53:52,Buy Up,1000,43500.0,0.0
VCI,09:53:52,Buy Up,200,43500.0,0.0
VCI,09:53:52,Buy Up,100,43500.0,0.0
VCI,09:53:52,Buy Up,300,43500.0,0.0
VCI,09:53:52,Buy Up,1000,43500.0,0.0
VCI,09:53:52,Buy Up,300,43500.0,0.0
VCI,09:53:52,Buy Up,1000,43500.0,0.0
VCI,09:53:52,Buy Up,2000,43500.0,0.0
VCI,09:53:52,Buy Up,200,43500.0,0.0
VCI,09:53:52,Buy Up,500,43500.0,0.0
VCI,09:53:52,Buy Up,1000,43500.0,0.0
VCI,09:53:52,Buy Up,500,43500.0,0.0
VCI,09:53:52,Buy Up,3000,43500.0,0.0
VCI,09:53:52,Buy Up,1000,43500.0,0.0
VCI,09:53:52,Buy Up,100,43500.0,0.0
VCI,09:53:52,Buy Up,5000,43500.0,0.0
VCI,09:53:52,Buy Up,300,43500.0,0.0
VCI,09:53:52,Buy Up,1000,43500.0,0.0
VCI,09:53:52,Buy Up,1000,43500.0,0.0
VCI,09:53:52,Buy Up,100,43500.0,0.0
VCI,09:53:52,Buy Up,5500,43500.0,0.0
VCI,09:53:52,Buy Up,500,43500.0,0.0
VCI,09:53:52,Buy Up,1500,43500.0,0.0
VCI,09:53:52,Buy Up,500,43500.0,0.0
VCI,09:53:52,Buy Up,1000,43500.0,0.0
VCI,09:53:52,Buy Up,500,43500.0,0.0
VCI,09:53:52,Buy Up,1000,43500.0,0.0
VCI,09:53:52,Buy Up,1000,43500.0,0.0
VCI,09:53:52,Buy Up,100,43500.0,0.0
VCI,09:53:52,Buy Up,3800,43500.0,0.0
VCI,09:53:52,Buy Up,300,43500.0,0.0
VCI,09:53:51,Buy Up,3300,43500.0,0.0
VCI,09:53:51,Buy Up,1000,43500.0,50.0
VCI,09:53:49,Sell Down,2000,43450.0,-50.0
VCI,09:53:49,Buy Up,400,43500.0,0.0
VCI,09:53:49,Buy Up,300,43500.0,0.0
VCI,09:53:49,Buy Up,4300,43500.0,0.0
VCI,09:53:48,Buy Up,700,43500.0,0.0
VCI,09:53:48,Buy Up,1000,43500.0,0.0
VCI,09:53:48,Buy Up,500,43500.0,0.0
VCI,09:53:48,Buy Up,10000,43500.0,0.0
VCI,09:53:48,Buy Up,3000,43500.0,0.0
VCI,09:53:48,Buy Up,2000,43500.0,0.0
VCI,09:53:48,Buy Up,300,43500.0,0.0
VCI,09:53:48,Buy Up,700,43500.0,0.0
VCI,09:53:48,Buy Up,1800,43500.0,0.0
VCI,09:53:47,Buy Up,1000,43500.0,0.0
VCI,09:53:46,Buy Up,2000,43500.0,0.0
VCI,09:53:45,Buy Up,200,43500.0,0.0
VCI,09:53:45,Buy Up,300,43500.0,0.0
VCI,09:53:45,Buy Up,1000,43500.0,0.0
VCI,09:53:41,Buy Up,2000,43500.0,0.0
VCI,09:53:41,Buy Up,1000,43500.0,0.0
VCI,09:53:41,Buy Up,400,43500.0,0.0
VCI,09:53:39,Buy Up,100,43500.0,0.0
