ticker,time,orderType,volume,price,prevPriceChange
NT2,11:07:55,Sell Down,100,24950.0,0.0
NT2,11:07:47,Sell Down,200,24950.0,0.0
NT2,11:07:45,Sell Down,100,24950.0,0.0
NT2,11:07:43,Sell Down,100,24950.0,0.0
NT2,11:07:35,Sell Down,100,24950.0,-50.0
NT2,11:07:30,Buy Up,1000,25000.0,50.0
NT2,11:07:26,Sell Down,100,24950.0,0.0
NT2,11:07:10,Sell Down,100,24950.0,0.0
NT2,11:07:10,Sell Down,100,24950.0,0.0
NT2,11:07:02,Sell Down,100,24950.0,0.0
NT2,11:07:02,Sell Down,100,24950.0,0.0
NT2,11:06:52,Sell Down,100,24950.0,0.0
NT2,11:06:44,Sell Down,100,24950.0,0.0
NT2,11:06:34,Sell Down,100,24950.0,0.0
NT2,11:06:33,Sell Down,100,24950.0,-50.0
NT2,11:06:29,Buy Up,100,25000.0,50.0
NT2,11:06:26,Sell Down,100,24950.0,0.0
NT2,11:06:16,Sell Down,100,24950.0,0.0
NT2,11:06:15,Sell Down,1000,24950.0,0.0
NT2,11:06:15,Sell Down,1000,24950.0,0.0
NT2,11:05:59,Sell Down,100,24950.0,0.0
NT2,11:05:58,Sell Down,100,24950.0,0.0
NT2,11:05:51,Sell Down,100,24950.0,0.0
NT2,11:05:47,Sell Down,100,24950.0,0.0
NT2,11:05:41,Sell Down,100,24950.0,0.0
NT2,11:05:33,Sell Down,100,24950.0,0.0
NT2,11:05:24,Sell Down,100,24950.0,0.0
NT2,11:05:23,Sell Down,100,24950.0,0.0
NT2,11:05:15,Sell Down,100,24950.0,-50.0
NT2,11:05:13,Buy Up,400,25000.0,50.0
NT2,11:05:06,Sell Down,100,24950.0,0.0
NT2,11:04:57,Sell Down,100,24950.0,0.0
NT2,11:04:47,Sell Down,100,24950.0,0.0
NT2,11:04:42,Sell Down,800,24950.0,0.0
NT2,11:04:42,Sell Down,1000,24950.0,0.0
NT2,11:04:42,Sell Down,200,24950.0,0.0
NT2,11:04:41,Sell Down,100,24950.0,0.0
NT2,11:04:34,Sell Down,100,24950.0,0.0
NT2,11:04:32,Sell Down,100,24950.0,0.0
NT2,11:04:22,Sell Down,100,24950.0,-50.0
NT2,11:04:16,Buy Up,200,25000.0,50.0
NT2,11:04:13,Sell Down,100,24950.0,0.0
NT2,11:04:12,Sell Down,100,24950.0,0.0
NT2,11:04:05,Sell Down,100,24950.0,-50.0
NT2,11:04:01,Buy Up,200,25000.0,50.0
NT2,11:03:55,Sell Down,100,24950.0,-50.0
NT2,11:03:50,Buy Up,200,25000.0,50.0
NT2,11:03:46,Sell Down,100,24950.0,0.0
NT2,11:03:37,Sell Down,100,24950.0,0.0
NT2,11:03:37,Sell Down,100,24950.0,-50.0
NT2,11:03:33,Buy Up,200,25000.0,50.0
NT2,11:03:21,Sell Down,100,24950.0,0.0
NT2,11:03:19,Sell Down,100,24950.0,0.0
NT2,11:03:11,Sell Down,100,24950.0,0.0
NT2,11:03:01,Sell Down,100,24950.0,0.0
NT2,11:02:55,Sell Down,100,24950.0,0.0
NT2,11:02:38,Sell Down,100,24950.0,0.0
NT2,11:02:26,Sell Down,100,24950.0,0.0
NT2,11:02:14,Buy Up,200,24950.0,0.0
NT2,11:02:14,Buy Up,100,24950.0,0.0
NT2,11:02:14,Buy Up,100,24950.0,0.0
NT2,11:02:14,Buy Up,100,24950.0,50.0
NT2,11:02:06,Sell Down,100,24900.0,0.0
NT2,11:01:51,Sell Down,100,24900.0,0.0
NT2,11:01:50,Sell Down,100,24900.0,-50.0
NT2,11:01:43,Sell Down,200,24950.0,0.0
NT2,11:01:33,Sell Down,100,24950.0,0.0
NT2,11:01:26,Sell Down,100,24950.0,0.0
NT2,11:01:26,Sell Down,100,24950.0,50.0
NT2,11:01:18,Sell Down,1000,24900.0,-50.0
NT2,11:01:16,Sell Down,1200,24950.0,0.0
NT2,11:01:16,Sell Down,100,24950.0,0.0
NT2,11:00:49,Sell Down,100,24950.0,0.0
NT2,11:00:47,Sell Down,100,24950.0,0.0
NT2,11:00:47,Sell Down,1000,24950.0,0.0
NT2,11:00:47,Sell Down,500,24950.0,0.0
NT2,11:00:47,Sell Down,100,24950.0,0.0
NT2,11:00:47,Sell Down,100,24950.0,0.0
NT2,11:00:47,Sell Down,100,24950.0,0.0
NT2,11:00:47,Sell Down,100,24950.0,0.0
NT2,11:00:47,Sell Down,800,24950.0,0.0
NT2,11:00:47,Sell Down,500,24950.0,0.0
NT2,11:00:47,Sell Down,100,24950.0,0.0
NT2,11:00:47,Buy Up,500,24950.0,0.0
NT2,11:00:47,Buy Up,100,24950.0,0.0
NT2,11:00:47,Buy Up,100,24950.0,0.0
NT2,11:00:47,Buy Up,100,24950.0,0.0
NT2,11:00:47,Buy Up,100,24950.0,0.0
NT2,11:00:47,Buy Up,100,24950.0,0.0
NT2,11:00:47,Buy Up,100,24950.0,0.0
NT2,11:00:47,Buy Up,1000,24950.0,0.0
NT2,11:00:47,Buy Up,100,24950.0,0.0
NT2,11:00:47,Buy Up,100,24950.0,0.0
NT2,11:00:47,Buy Up,2900,24950.0,50.0
NT2,11:00:45,Sell Down,100,24900.0,0.0
NT2,11:00:41,Sell Down,100,24900.0,0.0
NT2,11:00:30,Sell Down,1000,24900.0,0.0
NT2,11:00:28,Sell Down,100,24900.0,0.0
NT2,11:00:13,Sell Down,500,24900.0,0.0
NT2,11:00:12,Sell Down,100,24900.0,0.0
NT2,11:00:05,Sell Down,100,24900.0,0.0
NT2,10:59:55,Sell Down,100,24900.0,0.0
NT2,10:59:38,Sell Down,100,24900.0,0.0
NT2,10:59:30,Sell Down,100,24900.0,0.0
NT2,10:59:22,Sell Down,100,24900.0,0.0
NT2,10:59:16,Sell Down,200,24900.0,0.0
NT2,10:59:16,Sell Down,500,24900.0,0.0
NT2,10:59:16,Sell Down,300,24900.0,0.0
NT2,10:59:06,Sell Down,100,24900.0,0.0
NT2,10:58:54,Sell Down,100,24900.0,0.0
NT2,10:58:49,Sell Down,100,24900.0,0.0
NT2,10:58:33,Sell Down,100,24900.0,0.0
NT2,10:58:19,Sell Down,100,24900.0,0.0
NT2,10:58:17,Sell Down,100,24900.0,0.0
NT2,10:58:01,Sell Down,100,24900.0,0.0
NT2,10:57:44,Sell Down,100,24900.0,0.0
NT2,10:57:44,Sell Down,100,24900.0,-50.0
NT2,10:57:34,Buy Up,100,24950.0,50.0
NT2,10:57:28,Sell Down,100,24900.0,0.0
NT2,10:57:11,Sell Down,100,24900.0,0.0
NT2,10:57:09,Sell Down,100,24900.0,0.0
NT2,10:56:55,Sell Down,100,24900.0,0.0
NT2,10:56:38,Sell Down,100,24900.0,0.0
NT2,10:56:34,Sell Down,100,24900.0,0.0
NT2,10:56:22,Sell Down,100,24900.0,0.0
NT2,10:56:06,Sell Down,100,24900.0,0.0
NT2,10:55:59,Sell Down,100,24900.0,0.0
NT2,10:55:53,Sell Down,500,24900.0,0.0
NT2,10:55:50,Sell Down,100,24900.0,0.0
NT2,10:55:33,Sell Down,100,24900.0,0.0
NT2,10:55:23,Sell Down,100,24900.0,0.0
NT2,10:55:16,Sell Down,100,24900.0,0.0
NT2,10:55:01,Sell Down,100,24900.0,0.0
NT2,10:54:48,Sell Down,100,24900.0,0.0
NT2,10:54:44,Sell Down,100,24900.0,0.0
NT2,10:54:28,Sell Down,100,24900.0,0.0
NT2,10:54:12,Sell Down,100,24900.0,0.0
NT2,10:54:11,Sell Down,100,24900.0,-50.0
NT2,10:53:56,Buy Up,1000,24950.0,50.0
NT2,10:53:55,Sell Down,100,24900.0,0.0
NT2,10:53:39,Sell Down,100,24900.0,0.0
NT2,10:53:38,Sell Down,100,24900.0,0.0
NT2,10:53:22,Sell Down,100,24900.0,0.0
NT2,10:53:06,Sell Down,100,24900.0,0.0
NT2,10:53:02,Sell Down,100,24900.0,0.0
NT2,10:52:50,Sell Down,100,24900.0,0.0
NT2,10:52:33,Sell Down,100,24900.0,0.0
NT2,10:52:27,Sell Down,100,24900.0,0.0
NT2,10:52:16,Sell Down,100,24900.0,0.0
NT2,10:52:01,Sell Down,100,24900.0,0.0
NT2,10:51:52,Sell Down,100,24900.0,0.0
NT2,10:51:44,Sell Down,100,24900.0,0.0
NT2,10:51:28,Sell Down,100,24900.0,-50.0
NT2,10:51:24,Buy Up,1000,24950.0,50.0
NT2,10:51:16,Sell Down,100,24900.0,0.0
NT2,10:51:11,Sell Down,100,24900.0,0.0
NT2,10:50:55,Sell Down,100,24900.0,0.0
NT2,10:50:41,Sell Down,100,24900.0,0.0
NT2,10:50:39,Sell Down,100,24900.0,0.0
NT2,10:50:23,Sell Down,100,24900.0,0.0
NT2,10:50:07,Sell Down,100,24900.0,0.0
NT2,10:49:51,Sell Down,100,24900.0,0.0
NT2,10:49:34,Sell Down,100,24900.0,0.0
NT2,10:49:17,Sell Down,100,24900.0,0.0
NT2,10:49:01,Sell Down,100,24900.0,0.0
NT2,10:48:45,Sell Down,100,24900.0,0.0
NT2,10:48:29,Sell Down,100,24900.0,-50.0
NT2,10:48:13,Buy Up,100,24950.0,0.0
NT2,10:48:13,Buy Up,200,24950.0,0.0
NT2,10:48:13,Buy Up,5000,24950.0,0.0
NT2,10:48:13,Buy Up,100,24950.0,0.0
NT2,10:48:13,Buy Up,200,24950.0,0.0
NT2,10:48:13,Buy Up,100,24950.0,0.0
NT2,10:48:13,Buy Up,100,24950.0,0.0
NT2,10:48:13,Buy Up,100,24950.0,0.0
NT2,10:48:13,Buy Up,200,24950.0,0.0
NT2,10:48:13,Buy Up,100,24950.0,0.0
NT2,10:48:13,Buy Up,100,24950.0,0.0
NT2,10:48:13,Buy Up,100,24950.0,0.0
NT2,10:48:13,Buy Up,900,24950.0,0.0
NT2,10:48:13,Buy Up,5000,24950.0,0.0
NT2,10:48:13,Buy Up,100,24950.0,0.0
NT2,10:48:13,Buy Up,100,24950.0,0.0
NT2,10:48:13,Buy Up,100,24950.0,0.0
NT2,10:48:13,Buy Up,300,24950.0,0.0
NT2,10:48:13,Buy Up,100,24950.0,0.0
NT2,10:48:13,Buy Up,300,24950.0,0.0
NT2,10:48:13,Buy Up,100,24950.0,0.0
NT2,10:48:13,Buy Up,500,24950.0,0.0
NT2,10:48:13,Buy Up,5000,24950.0,0.0
NT2,10:48:13,Buy Up,100,24950.0,0.0
NT2,10:48:13,Buy Up,10000,24950.0,0.0
NT2,10:48:13,Buy Up,100,24950.0,0.0
NT2,10:48:13,Buy Up,900,24950.0,50.0
NT2,10:48:12,Sell Down,100,24900.0,0.0
NT2,10:47:56,Sell Down,100,24900.0,0.0
NT2,10:47:48,Sell Down,5000,24900.0,0.0
NT2,10:47:40,Sell Down,100,24900.0,0.0
NT2,10:47:23,Sell Down,100,24900.0,0.0
NT2,10:47:08,Sell Down,100,24900.0,0.0
NT2,10:46:51,Sell Down,100,24900.0,0.0
NT2,10:46:35,Sell Down,100,24900.0,0.0
NT2,10:46:33,Sell Down,2000,24900.0,0.0
NT2,10:46:18,Sell Down,100,24900.0,0.0
NT2,10:46:02,Sell Down,100,24900.0,0.0
NT2,10:45:47,Sell Down,100,24900.0,0.0
NT2,10:45:30,Sell Down,100,24900.0,0.0
NT2,10:45:13,Sell Down,100,24900.0,0.0
NT2,10:44:57,Sell Down,100,24900.0,0.0
NT2,10:44:42,Sell Down,4600,24900.0,0.0
NT2,10:44:42,Sell Down,400,24900.0,0.0
NT2,10:44:40,Sell Down,100,24900.0,0.0
NT2,10:44:38,Sell Down,1200,24900.0,0.0
NT2,10:44:26,Sell Down,500,24900.0,0.0
NT2,10:44:25,Sell Down,100,24900.0,0.0
NT2,10:44:20,Sell Down,3500,24900.0,0.0
NT2,10:44:20,Sell Down,100,24900.0,0.0
NT2,10:44:20,Sell Down,1000,24900.0,0.0
NT2,10:44:20,Sell Down,400,24900.0,0.0
NT2,10:44:08,Sell Down,100,24900.0,0.0
NT2,10:43:52,Sell Down,100,24900.0,0.0
NT2,10:43:36,Sell Down,100,24900.0,-50.0
NT2,10:43:33,Buy Up,2000,24950.0,50.0
NT2,10:43:19,Sell Down,100,24900.0,0.0
NT2,10:43:03,Sell Down,100,24900.0,-50.0
NT2,10:43:01,Buy Up,6500,24950.0,50.0
NT2,10:42:47,Sell Down,100,24900.0,0.0
NT2,10:42:30,Sell Down,100,24900.0,0.0
NT2,10:42:15,Sell Down,100,24900.0,0.0
NT2,10:41:58,Sell Down,100,24900.0,0.0
NT2,10:41:43,Sell Down,100,24900.0,0.0
NT2,10:41:31,Sell Down,500,24900.0,0.0
NT2,10:41:26,Sell Down,100,24900.0,0.0
NT2,10:41:09,Sell Down,100,24900.0,0.0
NT2,10:40:53,Sell Down,100,24900.0,0.0
NT2,10:40:37,Sell Down,100,24900.0,-50.0
NT2,10:40:27,Buy Up,100,24950.0,50.0
NT2,10:40:21,Sell Down,100,24900.0,-50.0
NT2,10:40:06,Buy Up,500,24950.0,50.0
NT2,10:40:05,Sell Down,100,24900.0,0.0
NT2,10:39:49,Sell Down,100,24900.0,0.0
NT2,10:39:44,Sell Down,100,24900.0,0.0
NT2,10:39:33,Sell Down,100,24900.0,0.0
NT2,10:39:16,Sell Down,100,24900.0,0.0
NT2,10:39:01,Sell Down,100,24900.0,-50.0
NT2,10:38:53,Buy Up,2000,24950.0,50.0
NT2,10:38:44,Sell Down,100,24900.0,0.0
NT2,10:38:28,Sell Down,100,24900.0,0.0
NT2,10:38:11,Sell Down,100,24900.0,0.0
NT2,10:37:56,Sell Down,100,24900.0,0.0
NT2,10:37:39,Sell Down,100,24900.0,0.0
NT2,10:37:23,Sell Down,500,24900.0,0.0
NT2,10:37:23,Sell Down,100,24900.0,0.0
NT2,10:37:14,Sell Down,800,24900.0,0.0
NT2,10:37:14,Sell Down,1200,24900.0,0.0
NT2,10:37:07,Sell Down,100,24900.0,0.0
NT2,10:36:50,Sell Down,100,24900.0,0.0
NT2,10:36:34,Sell Down,100,24900.0,0.0
NT2,10:36:19,Sell Down,100,24900.0,0.0
NT2,10:36:12,Sell Down,300,24900.0,0.0
NT2,10:36:06,Sell Down,2000,24900.0,0.0
NT2,10:36:06,Sell Down,100,24900.0,0.0
NT2,10:36:06,Sell Down,5000,24900.0,0.0
NT2,10:36:06,Sell Down,500,24900.0,0.0
NT2,10:36:06,Sell Down,200,24900.0,0.0
NT2,10:36:06,Sell Down,200,24900.0,0.0
NT2,10:36:06,Sell Down,2000,24900.0,0.0
NT2,10:36:02,Sell Down,100,24900.0,0.0
NT2,10:35:46,Sell Down,100,24900.0,0.0
NT2,10:35:30,Sell Down,100,24900.0,0.0
NT2,10:35:14,Sell Down,100,24900.0,0.0
NT2,10:34:57,Sell Down,100,24900.0,0.0
NT2,10:34:41,Sell Down,100,24900.0,0.0
NT2,10:34:24,Sell Down,100,24900.0,0.0
NT2,10:34:09,Sell Down,100,24900.0,0.0
NT2,10:34:05,Sell Down,700,24900.0,0.0
NT2,10:33:52,Sell Down,100,24900.0,0.0
NT2,10:33:37,Sell Down,100,24900.0,0.0
NT2,10:33:24,Sell Down,500,24900.0,0.0
NT2,10:33:20,Sell Down,100,24900.0,0.0
NT2,10:33:04,Sell Down,100,24900.0,0.0
NT2,10:32:48,Sell Down,100,24900.0,0.0
NT2,10:32:31,Sell Down,100,24900.0,-50.0
NT2,10:32:24,Buy Up,500,24950.0,50.0
NT2,10:32:15,Sell Down,100,24900.0,0.0
NT2,10:31:59,Sell Down,100,24900.0,0.0
NT2,10:31:43,Sell Down,100,24900.0,0.0
NT2,10:31:28,Sell Down,100,24900.0,0.0
NT2,10:31:19,Sell Down,500,24900.0,0.0
NT2,10:31:10,Sell Down,100,24900.0,0.0
NT2,10:30:55,Sell Down,100,24900.0,0.0
NT2,10:30:39,Sell Down,100,24900.0,0.0
NT2,10:30:22,Sell Down,100,24900.0,-50.0
NT2,10:30:12,Buy Up,100,24950.0,50.0
NT2,10:30:07,Sell Down,100,24900.0,0.0
NT2,10:29:50,Sell Down,100,24900.0,0.0
NT2,10:29:34,Sell Down,100,24900.0,0.0
NT2,10:29:18,Sell Down,100,24900.0,0.0
NT2,10:29:01,Sell Down,100,24900.0,0.0
NT2,10:28:46,Sell Down,100,24900.0,0.0
NT2,10:28:29,Sell Down,100,24900.0,0.0
NT2,10:28:13,Sell Down,100,24900.0,0.0
NT2,10:28:01,Sell Down,200,24900.0,0.0
NT2,10:27:57,Sell Down,100,24900.0,0.0
NT2,10:27:41,Sell Down,100,24900.0,-50.0
NT2,10:27:27,Buy Up,5000,24950.0,50.0
NT2,10:27:25,Sell Down,100,24900.0,0.0
NT2,10:27:09,Sell Down,100,24900.0,-50.0
NT2,10:27:02,Buy Up,2000,24950.0,50.0
NT2,10:26:53,Sell Down,100,24900.0,-50.0
NT2,10:26:47,Buy Up,500,24950.0,0.0
NT2,10:26:46,Sell Down,1400,24950.0,0.0
NT2,10:26:46,Sell Down,400,24950.0,0.0
NT2,10:26:46,Sell Down,400,24950.0,0.0
NT2,10:26:46,Sell Down,2000,24950.0,0.0
NT2,10:26:46,Sell Down,200,24950.0,0.0
NT2,10:26:46,Sell Down,2000,24950.0,0.0
NT2,10:26:46,Sell Down,300,24950.0,0.0
NT2,10:26:46,Sell Down,100,24950.0,0.0
NT2,10:26:46,Sell Down,500,24950.0,0.0
NT2,10:26:46,Sell Down,100,24950.0,0.0
NT2,10:26:46,Sell Down,100,24950.0,0.0
NT2,10:26:46,Sell Down,2000,24950.0,0.0
NT2,10:26:46,Sell Down,10000,24950.0,0.0
NT2,10:26:46,Sell Down,15000,24950.0,0.0
NT2,10:26:46,Sell Down,400,24950.0,0.0
NT2,10:26:46,Sell Down,500,24950.0,0.0
NT2,10:26:46,Sell Down,1000,24950.0,0.0
NT2,10:26:46,Sell Down,800,24950.0,0.0
NT2,10:26:45,Sell Down,5000,24950.0,0.0
NT2,10:26:45,Sell Down,500,24950.0,0.0
NT2,10:26:45,Sell Down,2000,24950.0,0.0
NT2,10:26:45,Sell Down,1000,24950.0,0.0
NT2,10:26:45,Sell Down,4200,24950.0,0.0
NT2,10:26:37,Sell Down,100,24950.0,0.0
NT2,10:26:21,Sell Down,100,24950.0,0.0
NT2,10:26:05,Sell Down,100,24950.0,0.0
NT2,10:25:56,Sell Down,100,24950.0,0.0
NT2,10:25:48,Sell Down,100,24950.0,0.0
NT2,10:25:33,Sell Down,100,24950.0,0.0
NT2,10:25:20,Sell Down,100,24950.0,0.0
NT2,10:25:10,Sell Down,900,24950.0,0.0
NT2,10:25:07,Sell Down,4000,24950.0,-50.0
NT2,10:25:05,Buy Up,500,25000.0,50.0
NT2,10:25:00,Sell Down,100,24950.0,0.0
NT2,10:24:44,Sell Down,100,24950.0,0.0
NT2,10:24:41,Sell Down,100,24950.0,0.0
NT2,10:24:28,Sell Down,100,24950.0,0.0
NT2,10:24:12,Sell Down,100,24950.0,0.0
NT2,10:23:56,Sell Down,100,24950.0,0.0
NT2,10:23:49,Sell Down,500,24950.0,0.0
NT2,10:23:40,Sell Down,100,24950.0,0.0
NT2,10:23:27,Sell Down,100,24950.0,0.0
NT2,10:23:23,Sell Down,100,24950.0,0.0
NT2,10:23:07,Sell Down,100,24950.0,0.0
NT2,10:23:02,Sell Down,3000,24950.0,0.0
NT2,10:22:52,Sell Down,100,24950.0,0.0
NT2,10:22:35,Sell Down,100,24950.0,0.0
NT2,10:22:19,Sell Down,100,24950.0,0.0
NT2,10:22:12,Sell Down,100,24950.0,0.0
NT2,10:22:03,Sell Down,100,24950.0,0.0
NT2,10:21:48,Sell Down,100,24950.0,0.0
NT2,10:21:36,Sell Down,200,24950.0,0.0
NT2,10:21:31,Sell Down,100,24950.0,0.0
NT2,10:21:15,Sell Down,100,24950.0,0.0
NT2,10:20:58,Sell Down,100,24950.0,0.0
NT2,10:20:57,Sell Down,100,24950.0,0.0
NT2,10:20:43,Sell Down,100,24950.0,0.0
NT2,10:20:27,Sell Down,100,24950.0,0.0
NT2,10:20:13,Sell Down,200,24950.0,0.0
NT2,10:20:11,Sell Down,100,24950.0,0.0
NT2,10:19:54,Sell Down,100,24950.0,0.0
NT2,10:19:43,Sell Down,100,24950.0,0.0
NT2,10:19:38,Sell Down,100,24950.0,0.0
NT2,10:19:22,Sell Down,100,24950.0,0.0
NT2,10:19:06,Sell Down,100,24950.0,0.0
NT2,10:18:50,Sell Down,100,24950.0,0.0
NT2,10:18:34,Sell Down,100,24950.0,0.0
NT2,10:18:28,Sell Down,100,24950.0,0.0
NT2,10:18:18,Sell Down,100,24950.0,-50.0
NT2,10:18:17,Buy Up,100,25000.0,0.0
NT2,10:18:17,Buy Up,500,25000.0,0.0
NT2,10:18:17,Buy Up,1400,25000.0,50.0
NT2,10:18:02,Sell Down,100,24950.0,0.0
NT2,10:17:46,Sell Down,100,24950.0,-50.0
NT2,10:17:39,Buy Up,100,25000.0,50.0
NT2,10:17:31,Sell Down,200,24950.0,0.0
NT2,10:17:30,Sell Down,100,24950.0,0.0
NT2,10:17:14,Sell Down,100,24950.0,0.0
NT2,10:17:13,Sell Down,100,24950.0,0.0
NT2,10:16:59,Sell Down,100,24950.0,-50.0
NT2,10:16:55,Buy Up,1000,25000.0,0.0
NT2,10:16:55,Buy Up,200,25000.0,50.0
NT2,10:16:41,Sell Down,100,24950.0,0.0
NT2,10:16:34,Sell Down,200,24950.0,0.0
NT2,10:16:26,Sell Down,100,24950.0,0.0
NT2,10:16:09,Sell Down,100,24950.0,0.0
NT2,10:15:58,Sell Down,100,24950.0,0.0
NT2,10:15:58,Sell Down,100,24950.0,0.0
NT2,10:15:54,Sell Down,100,24950.0,0.0
NT2,10:15:37,Sell Down,100,24950.0,-50.0
NT2,10:15:27,Buy Up,100,25000.0,50.0
NT2,10:15:22,Sell Down,100,24950.0,0.0
NT2,10:15:05,Sell Down,100,24950.0,0.0
NT2,10:14:50,Sell Down,100,24950.0,0.0
NT2,10:14:44,Sell Down,100,24950.0,0.0
NT2,10:14:34,Sell Down,100,24950.0,0.0
NT2,10:14:28,Sell Down,900,24950.0,0.0
NT2,10:14:28,Sell Down,1000,24950.0,0.0
NT2,10:14:28,Sell Down,100,24950.0,0.0
NT2,10:14:17,Sell Down,100,24950.0,0.0
NT2,10:14:02,Sell Down,100,24950.0,0.0
NT2,10:13:46,Sell Down,100,24950.0,0.0
NT2,10:13:39,Sell Down,500,24950.0,0.0
NT2,10:13:29,Sell Down,100,24950.0,0.0
NT2,10:13:29,Sell Down,100,24950.0,0.0
NT2,10:13:14,Sell Down,100,24950.0,-50.0
NT2,10:12:58,Buy Up,600,25000.0,50.0
NT2,10:12:57,Sell Down,100,24950.0,-50.0
NT2,10:12:46,Buy Up,100,25000.0,50.0
NT2,10:12:42,Sell Down,100,24950.0,0.0
NT2,10:12:25,Sell Down,100,24950.0,0.0
NT2,10:12:19,Sell Down,3500,24950.0,0.0
NT2,10:12:19,Sell Down,1000,24950.0,0.0
NT2,10:12:19,Sell Down,500,24950.0,0.0
NT2,10:12:14,Sell Down,100,24950.0,0.0
NT2,10:12:10,Sell Down,100,24950.0,0.0
NT2,10:11:53,Sell Down,100,24950.0,0.0
NT2,10:11:52,Sell Down,2900,24950.0,0.0
NT2,10:11:52,Sell Down,500,24950.0,0.0
NT2,10:11:52,Sell Down,4900,24950.0,0.0
NT2,10:11:47,Sell Down,100,24950.0,0.0
NT2,10:11:38,Sell Down,100,24950.0,0.0
NT2,10:11:21,Sell Down,100,24950.0,0.0
NT2,10:11:05,Sell Down,100,24950.0,0.0
NT2,10:10:59,Sell Down,100,24950.0,0.0
NT2,10:10:50,Sell Down,100,24950.0,0.0
NT2,10:10:34,Sell Down,100,24950.0,0.0
NT2,10:10:19,Sell Down,1000,24950.0,0.0
NT2,10:10:17,Sell Down,100,24950.0,0.0
NT2,10:10:02,Sell Down,100,24950.0,0.0
NT2,10:09:49,Sell Down,300,24950.0,0.0
NT2,10:09:49,Sell Down,1500,24950.0,0.0
NT2,10:09:49,Sell Down,100,24950.0,0.0
NT2,10:09:49,Sell Down,200,24950.0,0.0
NT2,10:09:45,Sell Down,100,24950.0,0.0
NT2,10:09:45,Sell Down,100,24950.0,0.0
NT2,10:09:30,Sell Down,100,24950.0,0.0
NT2,10:09:13,Sell Down,100,24950.0,0.0
NT2,10:08:58,Sell Down,100,24950.0,0.0
NT2,10:08:41,Sell Down,100,24950.0,0.0
NT2,10:08:30,Sell Down,100,24950.0,0.0
NT2,10:08:26,Sell Down,100,24950.0,0.0
NT2,10:08:13,Sell Down,3000,24950.0,0.0
NT2,10:08:13,Sell Down,300,24950.0,0.0
NT2,10:08:13,Sell Down,500,24950.0,0.0
NT2,10:08:13,Sell Down,1200,24950.0,0.0
NT2,10:08:10,Sell Down,100,24950.0,0.0
NT2,10:07:58,Sell Down,100,24950.0,0.0
NT2,10:07:54,Sell Down,100,24950.0,0.0
NT2,10:07:54,Sell Down,1000,24950.0,0.0
NT2,10:07:48,Sell Down,5000,24950.0,0.0
NT2,10:07:37,Sell Down,100,24950.0,0.0
NT2,10:07:22,Sell Down,100,24950.0,0.0
NT2,10:07:11,Sell Down,1700,24950.0,0.0
NT2,10:07:05,Sell Down,100,24950.0,0.0
NT2,10:06:51,Sell Down,100,24950.0,0.0
NT2,10:06:47,Sell Down,5000,24950.0,0.0
NT2,10:06:34,Sell Down,100,24950.0,0.0
NT2,10:06:19,Sell Down,100,24950.0,0.0
NT2,10:06:01,Sell Down,100,24950.0,0.0
NT2,10:05:57,Sell Down,100,24950.0,0.0
NT2,10:05:57,Sell Down,500,24950.0,0.0
NT2,10:05:57,Sell Down,200,24950.0,0.0
NT2,10:05:57,Sell Down,700,24950.0,0.0
NT2,10:05:57,Sell Down,500,24950.0,0.0
NT2,10:05:57,Sell Down,500,24950.0,0.0
NT2,10:05:57,Sell Down,500,24950.0,0.0
NT2,10:05:46,Sell Down,100,24950.0,0.0
NT2,10:05:30,Sell Down,100,24950.0,-50.0
NT2,10:05:23,Buy Up,100,25000.0,50.0
NT2,10:05:14,Sell Down,100,24950.0,0.0
NT2,10:04:58,Sell Down,100,24950.0,0.0
NT2,10:04:49,Sell Down,100,24950.0,0.0
NT2,10:04:49,Sell Down,400,24950.0,0.0
NT2,10:04:42,Sell Down,100,24950.0,0.0
NT2,10:04:26,Sell Down,100,24950.0,0.0
NT2,10:04:23,Sell Down,1000,24950.0,0.0
NT2,10:04:11,Sell Down,200,24950.0,0.0
NT2,10:04:11,Sell Down,100,24950.0,0.0
NT2,10:03:54,Sell Down,100,24950.0,-50.0
NT2,10:03:46,Buy Up,2000,25000.0,50.0
NT2,10:03:38,Sell Down,100,24950.0,-50.0
NT2,10:03:31,Buy Up,1000,25000.0,50.0
NT2,10:03:22,Sell Down,100,24950.0,0.0
NT2,10:03:07,Sell Down,100,24950.0,0.0
NT2,10:02:51,Sell Down,100,24950.0,0.0
NT2,10:02:35,Sell Down,100,24950.0,0.0
NT2,10:02:24,Sell Down,500,24950.0,0.0
NT2,10:02:21,Sell Down,200,24950.0,0.0
NT2,10:02:19,Sell Down,100,24950.0,0.0
NT2,10:02:04,Sell Down,100,24950.0,0.0
NT2,10:01:48,Sell Down,200,24950.0,0.0
NT2,10:01:47,Sell Down,100,24950.0,0.0
NT2,10:01:41,Sell Down,900,24950.0,0.0
NT2,10:01:41,Sell Down,2100,24950.0,0.0
NT2,10:01:39,Sell Down,500,24950.0,0.0
NT2,10:01:32,Sell Down,100,24950.0,0.0
NT2,10:01:15,Sell Down,100,24950.0,0.0
NT2,10:01:00,Sell Down,100,24950.0,0.0
NT2,10:00:43,Sell Down,100,24950.0,0.0
NT2,10:00:40,Sell Down,200,24950.0,0.0
NT2,10:00:28,Sell Down,100,24950.0,0.0
NT2,10:00:11,Sell Down,100,24950.0,0.0
NT2,09:59:57,Sell Down,100,24950.0,0.0
NT2,09:59:40,Sell Down,100,24950.0,0.0
NT2,09:59:37,Sell Down,500,24950.0,0.0
NT2,09:59:24,Sell Down,100,24950.0,-50.0
NT2,09:59:20,Sell Down,400,25000.0,0.0
NT2,09:59:20,Sell Down,500,25000.0,0.0
NT2,09:59:08,Sell Down,100,25000.0,0.0
NT2,09:58:53,Sell Down,100,25000.0,0.0
NT2,09:58:52,Sell Down,900,25000.0,0.0
NT2,09:58:45,Sell Down,2400,25000.0,0.0
NT2,09:58:45,Sell Down,100,25000.0,0.0
NT2,09:58:45,Sell Down,5000,25000.0,0.0
NT2,09:58:45,Sell Down,1600,25000.0,0.0
NT2,09:58:45,Sell Down,2500,25000.0,0.0
NT2,09:58:45,Sell Down,100,25000.0,0.0
NT2,09:58:45,Sell Down,300,25000.0,0.0
NT2,09:58:36,Sell Down,100,25000.0,0.0
NT2,09:58:21,Sell Down,100,25000.0,0.0
NT2,09:58:04,Sell Down,100,25000.0,0.0
NT2,09:58:02,Sell Down,1700,25000.0,0.0
NT2,09:58:02,Sell Down,1000,25000.0,0.0
NT2,09:58:02,Sell Down,3300,25000.0,0.0
NT2,09:57:49,Sell Down,100,25000.0,0.0
NT2,09:57:32,Sell Down,100,25000.0,0.0
NT2,09:57:17,Sell Down,100,25000.0,-50.0
NT2,09:57:16,Buy Up,500,25050.0,50.0
NT2,09:57:10,Sell Down,1000,25000.0,0.0
NT2,09:57:01,Sell Down,100,25000.0,0.0
NT2,09:56:45,Sell Down,100,25000.0,0.0
NT2,09:56:28,Sell Down,100,25000.0,0.0
NT2,09:56:18,Sell Down,500,25000.0,0.0
NT2,09:56:14,Sell Down,100,25000.0,0.0
NT2,09:56:06,Sell Down,3000,25000.0,0.0
NT2,09:55:56,Sell Down,100,25000.0,0.0
NT2,09:55:41,Sell Down,100,25000.0,0.0
NT2,09:55:38,Sell Down,100,25000.0,0.0
NT2,09:55:26,Sell Down,500,25000.0,0.0
NT2,09:55:25,Sell Down,100,25000.0,0.0
NT2,09:55:09,Sell Down,100,25000.0,0.0
NT2,09:54:58,Sell Down,100,25000.0,0.0
NT2,09:54:58,Sell Down,300,25000.0,0.0
NT2,09:54:53,Sell Down,100,25000.0,0.0
NT2,09:54:35,Sell Down,200,25000.0,0.0
NT2,09:54:34,Sell Down,100,25000.0,0.0
NT2,09:54:34,Buy Up,5000,25000.0,0.0
NT2,09:54:34,Buy Up,100,25000.0,0.0
NT2,09:54:34,Buy Up,500,25000.0,0.0
NT2,09:54:34,Buy Up,200,25000.0,0.0
NT2,09:54:34,Buy Up,1000,25000.0,0.0
NT2,09:54:34,Buy Up,500,25000.0,0.0
NT2,09:54:34,Buy Up,400,25000.0,0.0
NT2,09:54:34,Buy Up,800,25000.0,0.0
NT2,09:54:34,Buy Up,800,25000.0,50.0
NT2,09:54:21,Sell Down,100,24950.0,0.0
NT2,09:54:06,Sell Down,100,24950.0,0.0
NT2,09:53:49,Sell Down,100,24950.0,-50.0
NT2,09:53:45,Buy Up,100,25000.0,0.0
NT2,09:53:40,Buy Up,5000,25000.0,50.0
NT2,09:53:34,Sell Down,100,24950.0,-50.0
NT2,09:53:34,Buy Up,500,25000.0,0.0
NT2,09:53:22,Buy Up,200,25000.0,0.0
NT2,09:53:22,Buy Up,3600,25000.0,0.0
NT2,09:53:22,Buy Up,400,25000.0,0.0
NT2,09:53:22,Buy Up,100,25000.0,0.0
NT2,09:53:22,Buy Up,500,25000.0,0.0
NT2,09:53:22,Buy Up,200,25000.0,50.0
NT2,09:53:17,Sell Down,100,24950.0,0.0
NT2,09:53:03,Sell Down,100,24950.0,-50.0
NT2,09:52:46,Buy Up,3000,25000.0,0.0
NT2,09:52:46,Buy Up,100,25000.0,0.0
NT2,09:52:46,Buy Up,500,25000.0,0.0
NT2,09:52:46,Buy Up,1000,25000.0,0.0
NT2,09:52:46,Buy Up,300,25000.0,0.0
NT2,09:52:46,Buy Up,500,25000.0,0.0
NT2,09:52:46,Buy Up,500,25000.0,0.0
NT2,09:52:46,Buy Up,4100,25000.0,50.0
NT2,09:52:46,Sell Down,100,24950.0,0.0
NT2,09:52:37,Sell Down,100,24950.0,0.0
NT2,09:52:31,Sell Down,100,24950.0,0.0
NT2,09:52:14,Sell Down,100,24950.0,0.0
NT2,09:52:06,Sell Down,200,24950.0,0.0
NT2,09:51:59,Sell Down,100,24950.0,0.0
NT2,09:51:42,Sell Down,100,24950.0,-50.0
NT2,09:51:42,Buy Up,900,25000.0,0.0
NT2,09:51:42,Buy Up,1000,25000.0,0.0
NT2,09:51:42,Buy Up,100,25000.0,0.0
NT2,09:51:42,Buy Up,100,25000.0,0.0
NT2,09:51:42,Buy Up,100,25000.0,0.0
NT2,09:51:42,Buy Up,1000,25000.0,0.0
NT2,09:51:42,Buy Up,100,25000.0,0.0
NT2,09:51:42,Buy Up,1000,25000.0,0.0
NT2,09:51:42,Buy Up,5000,25000.0,0.0
NT2,09:51:42,Buy Up,800,25000.0,50.0
NT2,09:51:27,Sell Down,100,24950.0,0.0
NT2,09:51:11,Sell Down,100,24950.0,0.0
NT2,09:50:56,Sell Down,100,24950.0,0.0
NT2,09:50:38,Sell Down,100,24950.0,0.0
NT2,09:50:24,Sell Down,100,24950.0,0.0
NT2,09:50:15,Sell Down,1600,24950.0,0.0
NT2,09:50:10,Sell Down,300,24950.0,0.0
NT2,09:50:10,Sell Down,500,24950.0,0.0
NT2,09:50:10,Sell Down,2000,24950.0,0.0
NT2,09:50:10,Sell Down,200,24950.0,0.0
NT2,09:50:08,Sell Down,100,24950.0,0.0
NT2,09:49:52,Sell Down,100,24950.0,-50.0
NT2,09:49:50,Buy Up,100,25000.0,50.0
NT2,09:49:35,Sell Down,100,24950.0,0.0
NT2,09:49:20,Sell Down,100,24950.0,0.0
NT2,09:49:15,Sell Down,400,24950.0,0.0
NT2,09:49:09,Sell Down,400,24950.0,0.0
NT2,09:49:09,Sell Down,1600,24950.0,0.0
NT2,09:49:08,Sell Down,3000,24950.0,0.0
NT2,09:49:05,Sell Down,100,24950.0,0.0
NT2,09:48:48,Sell Down,100,24950.0,0.0
NT2,09:48:46,Sell Down,1400,24950.0,0.0
NT2,09:48:46,Sell Down,300,24950.0,0.0
NT2,09:48:46,Sell Down,1000,24950.0,0.0
NT2,09:48:46,Sell Down,500,24950.0,0.0
NT2,09:48:46,Sell Down,1000,24950.0,0.0
NT2,09:48:46,Sell Down,800,24950.0,0.0
NT2,09:48:45,Sell Down,200,24950.0,0.0
NT2,09:48:32,Sell Down,100,24950.0,0.0
NT2,09:48:12,Sell Down,3900,24950.0,0.0
NT2,09:48:12,Sell Down,6000,24950.0,0.0
NT2,09:48:12,Sell Down,100,24950.0,-50.0
NT2,09:47:22,Buy Up,900,25000.0,0.0
NT2,09:47:22,Buy Up,100,25000.0,50.0
NT2,09:45:53,Sell Down,100,24950.0,0.0
NT2,09:45:53,Sell Down,300,24950.0,0.0
NT2,09:45:53,Sell Down,3600,24950.0,0.0
NT2,09:45:19,Sell Down,100,24950.0,0.0
NT2,09:44:36,Sell Down,1000,24950.0,0.0
NT2,09:44:08,Buy Up,300,24950.0,0.0
NT2,09:43:30,Buy Up,200,24950.0,0.0
NT2,09:43:30,Buy Up,300,24950.0,0.0
NT2,09:43:20,Buy Up,200,24950.0,0.0
NT2,09:42:53,Sell Down,2500,24950.0,0.0
NT2,09:42:01,Sell Down,200,24950.0,0.0
NT2,09:42:01,Sell Down,100,24950.0,0.0
NT2,09:41:50,Buy Up,1500,24950.0,0.0
NT2,09:40:59,Buy Up,500,24950.0,0.0
NT2,09:40:48,Buy Up,300,24950.0,0.0
NT2,09:40:42,Sell Down,700,24950.0,0.0
NT2,09:40:42,Sell Down,1000,24950.0,0.0
NT2,09:40:42,Sell Down,900,24950.0,-50.0
NT2,09:40:28,Buy Up,300,25000.0,0.0
NT2,09:39:47,Buy Up,600,25000.0,0.0
NT2,09:39:47,Buy Up,300,25000.0,50.0
NT2,09:39:24,Buy Up,1000,24950.0,0.0
NT2,09:39:24,Buy Up,100,24950.0,0.0
NT2,09:38:31,Buy Up,3000,24950.0,0.0
NT2,09:38:24,Buy Up,1000,24950.0,0.0
NT2,09:38:03,Buy Up,600,24950.0,0.0
NT2,09:37:58,Sell Down,300,24950.0,0.0
NT2,09:37:55,Sell Down,500,24950.0,0.0
NT2,09:37:54,Sell Down,1400,24950.0,0.0
NT2,09:37:53,Buy Up,2800,24950.0,0.0
NT2,09:37:14,Sell Down,500,24950.0,0.0
NT2,09:37:14,Sell Down,1700,24950.0,0.0
NT2,09:37:12,Sell Down,300,24950.0,0.0
NT2,09:37:12,Sell Down,700,24950.0,0.0
NT2,09:37:12,Sell Down,100,24950.0,0.0
NT2,09:36:58,Sell Down,100,24950.0,0.0
NT2,09:36:41,Sell Down,7800,24950.0,0.0
NT2,09:36:41,Sell Down,500,24950.0,0.0
NT2,09:36:40,Sell Down,500,24950.0,0.0
NT2,09:36:40,Sell Down,200,24950.0,-50.0
NT2,09:36:18,Buy Up,3000,25000.0,0.0
NT2,09:35:40,Buy Up,600,25000.0,0.0
NT2,09:35:22,Buy Up,300,25000.0,0.0
NT2,09:35:18,Buy Up,1800,25000.0,0.0
NT2,09:35:18,Buy Up,3200,25000.0,0.0
NT2,09:34:43,Buy Up,300,25000.0,0.0
NT2,09:34:43,Buy Up,1000,25000.0,0.0
NT2,09:34:43,Buy Up,200,25000.0,0.0
NT2,09:34:08,Sell Down,800,25000.0,0.0
NT2,09:34:07,Sell Down,2000,25000.0,0.0
NT2,09:34:07,Sell Down,600,25000.0,0.0
NT2,09:34:07,Sell Down,500,25000.0,0.0
NT2,09:34:07,Sell Down,200,25000.0,0.0
NT2,09:34:07,Sell Down,1000,25000.0,0.0
NT2,09:34:07,Sell Down,200,25000.0,0.0
NT2,09:34:07,Sell Down,100,25000.0,0.0
NT2,09:34:07,Sell Down,1000,25000.0,0.0
NT2,09:34:07,Sell Down,100,25000.0,0.0
NT2,09:34:07,Sell Down,200,25000.0,0.0
NT2,09:34:07,Sell Down,100,25000.0,0.0
NT2,09:34:01,Sell Down,400,25000.0,0.0
NT2,09:34:01,Sell Down,600,25000.0,0.0
NT2,09:33:55,Sell Down,2000,25000.0,0.0
NT2,09:33:48,Sell Down,3800,25000.0,0.0
NT2,09:33:45,Sell Down,3600,25000.0,0.0
NT2,09:33:45,Sell Down,2900,25000.0,0.0
NT2,09:33:37,Sell Down,100,25000.0,0.0
NT2,09:33:37,Sell Down,100,25000.0,0.0
NT2,09:33:37,Sell Down,2000,25000.0,0.0
NT2,09:33:37,Sell Down,200,25000.0,0.0
NT2,09:33:37,Sell Down,800,25000.0,0.0
NT2,09:33:34,Sell Down,500,25000.0,0.0
NT2,09:33:25,Sell Down,400,25000.0,0.0
NT2,09:33:25,Sell Down,1300,25000.0,0.0
NT2,09:33:25,Sell Down,2800,25000.0,0.0
NT2,09:33:25,Sell Down,200,25000.0,0.0
NT2,09:33:25,Sell Down,700,25000.0,0.0
NT2,09:33:23,Sell Down,300,25000.0,0.0
NT2,09:33:23,Sell Down,200,25000.0,0.0
NT2,09:33:18,Sell Down,300,25000.0,0.0
NT2,09:33:11,Sell Down,2000,25000.0,0.0
NT2,09:33:05,Sell Down,2500,25000.0,0.0
NT2,09:33:05,Sell Down,500,25000.0,0.0
NT2,09:33:05,Sell Down,500,25000.0,0.0
NT2,09:33:05,Sell Down,500,25000.0,0.0
NT2,09:32:51,Sell Down,200,25000.0,0.0
NT2,09:32:51,Sell Down,4000,25000.0,0.0
NT2,09:32:51,Sell Down,100,25000.0,0.0
NT2,09:32:51,Sell Down,1000,25000.0,0.0
NT2,09:32:51,Sell Down,500,25000.0,0.0
NT2,09:32:51,Sell Down,300,25000.0,0.0
NT2,09:32:51,Sell Down,1000,25000.0,0.0
NT2,09:32:51,Sell Down,1000,25000.0,0.0
NT2,09:32:51,Sell Down,200,25000.0,0.0
NT2,09:32:51,Sell Down,1100,25000.0,0.0
NT2,09:32:51,Sell Down,600,25000.0,0.0
NT2,09:32:34,Sell Down,500,25000.0,0.0
NT2,09:32:30,Sell Down,500,25000.0,0.0
NT2,09:32:30,Sell Down,10000,25000.0,0.0
NT2,09:32:24,Sell Down,400,25000.0,0.0
NT2,09:32:24,Sell Down,100,25000.0,0.0
NT2,09:32:24,Sell Down,2700,25000.0,0.0
NT2,09:32:24,Sell Down,10000,25000.0,0.0
NT2,09:32:24,Sell Down,2000,25000.0,0.0
NT2,09:32:24,Sell Down,900,25000.0,0.0
NT2,09:32:24,Sell Down,2700,25000.0,0.0
NT2,09:32:11,Sell Down,200,25000.0,0.0
NT2,09:31:47,Sell Down,100,25000.0,0.0
NT2,09:31:47,Sell Down,400,25000.0,0.0
NT2,09:31:28,Sell Down,100,25000.0,0.0
NT2,09:31:27,Sell Down,200,25000.0,0.0
NT2,09:31:16,Sell Down,1300,25000.0,0.0
NT2,09:31:16,Sell Down,200,25000.0,0.0
NT2,09:31:16,Sell Down,500,25000.0,0.0
NT2,09:31:02,Sell Down,300,25000.0,0.0
NT2,09:30:39,Sell Down,800,25000.0,0.0
NT2,09:30:20,Sell Down,1000,25000.0,0.0
NT2,09:30:12,Sell Down,500,25000.0,0.0
NT2,09:29:56,Sell Down,1400,25000.0,0.0
NT2,09:29:56,Sell Down,1000,25000.0,0.0
NT2,09:29:43,Sell Down,200,25000.0,-50.0
NT2,09:29:32,Buy Up,600,25050.0,0.0
NT2,09:29:32,Buy Up,400,25050.0,0.0
NT2,09:29:20,Buy Up,600,25050.0,0.0
NT2,09:29:20,Buy Up,400,25050.0,0.0
NT2,09:29:13,Buy Up,300,25050.0,0.0
NT2,09:29:11,Buy Up,1000,25050.0,0.0
NT2,09:28:53,Sell Down,500,25050.0,0.0
NT2,09:28:53,Sell Down,800,25050.0,0.0
NT2,09:28:42,Buy Up,200,25050.0,0.0
NT2,09:28:35,Sell Down,900,25050.0,0.0
NT2,09:28:35,Sell Down,6700,25050.0,0.0
NT2,09:28:25,Sell Down,2700,25050.0,0.0
NT2,09:28:16,Sell Down,600,25050.0,0.0
NT2,09:28:16,Sell Down,400,25050.0,0.0
NT2,09:27:55,Buy Up,500,25050.0,0.0
NT2,09:27:55,Buy Up,100,25050.0,0.0
NT2,09:27:22,Sell Down,9800,25050.0,0.0
NT2,09:27:08,Sell Down,200,25050.0,0.0
NT2,09:27:08,Sell Down,200,25050.0,0.0
NT2,09:26:42,Sell Down,800,25050.0,0.0
NT2,09:26:42,Sell Down,200,25050.0,-50.0
NT2,09:26:41,Buy Up,1800,25100.0,0.0
NT2,09:26:41,Buy Up,300,25100.0,0.0
NT2,09:26:41,Buy Up,100,25100.0,0.0
NT2,09:26:41,Buy Up,2000,25100.0,0.0
NT2,09:26:41,Buy Up,100,25100.0,0.0
NT2,09:26:41,Buy Up,5000,25100.0,0.0
NT2,09:26:41,Buy Up,100,25100.0,0.0
NT2,09:26:41,Buy Up,600,25100.0,50.0
NT2,09:26:26,Sell Down,100,25050.0,0.0
NT2,09:26:24,Buy Up,200,25050.0,0.0
NT2,09:26:13,Sell Down,1100,25050.0,0.0
NT2,09:26:09,Sell Down,500,25050.0,0.0
NT2,09:25:53,Sell Down,400,25050.0,0.0
NT2,09:25:51,Buy Up,100,25050.0,0.0
NT2,09:25:51,Buy Up,200,25050.0,0.0
NT2,09:25:51,Buy Up,300,25050.0,50.0
NT2,09:25:46,Sell Down,500,25000.0,-50.0
NT2,09:25:35,Buy Up,2400,25050.0,0.0
NT2,09:25:35,Buy Up,7600,25050.0,0.0
NT2,09:25:21,Buy Up,300,25050.0,0.0
NT2,09:25:17,Sell Down,200,25050.0,0.0
NT2,09:25:17,Sell Down,900,25050.0,0.0
NT2,09:24:57,Buy Up,100,25050.0,0.0
NT2,09:24:57,Buy Up,500,25050.0,0.0
NT2,09:24:55,Buy Up,1000,25050.0,0.0
NT2,09:24:50,Buy Up,500,25050.0,0.0
NT2,09:24:50,Buy Up,500,25050.0,0.0
NT2,09:24:50,Buy Up,200,25050.0,0.0
NT2,09:24:50,Buy Up,8200,25050.0,0.0
NT2,09:24:50,Buy Up,8600,25050.0,0.0
NT2,09:24:45,Buy Up,300,25050.0,0.0
NT2,09:24:20,Buy Up,200,25050.0,0.0
NT2,09:24:01,Sell Down,900,25050.0,0.0
NT2,09:23:58,Buy Up,100,25050.0,0.0
NT2,09:23:58,Buy Up,4100,25050.0,0.0
NT2,09:23:49,Buy Up,1000,25050.0,0.0
NT2,09:23:33,Sell Down,400,25050.0,50.0
NT2,09:23:19,Sell Down,300,25000.0,0.0
NT2,09:23:19,Sell Down,400,25000.0,-50.0
NT2,09:23:19,Sell Down,700,25050.0,0.0
NT2,09:23:19,Sell Down,300,25050.0,0.0
NT2,09:23:19,Sell Down,300,25050.0,0.0
NT2,09:23:18,Sell Down,800,25050.0,0.0
NT2,09:22:33,Sell Down,500,25050.0,0.0
NT2,09:22:29,Sell Down,100,25050.0,0.0
NT2,09:22:29,Sell Down,2000,25050.0,50.0
NT2,09:22:25,Sell Down,100,25000.0,0.0
NT2,09:22:25,Sell Down,800,25000.0,-50.0
NT2,09:22:25,Buy Up,1100,25050.0,0.0
NT2,09:22:24,Sell Down,1500,25050.0,0.0
NT2,09:22:06,Buy Up,1000,25050.0,0.0
NT2,09:22:06,Buy Up,2000,25050.0,0.0
NT2,09:22:06,Buy Up,2000,25050.0,0.0
NT2,09:22:06,Buy Up,2400,25050.0,0.0
NT2,09:21:44,Buy Up,1000,25050.0,0.0
NT2,09:21:43,Buy Up,200,25050.0,0.0
NT2,09:21:21,Buy Up,1000,25050.0,0.0
NT2,09:21:21,Buy Up,1000,25050.0,0.0
NT2,09:21:18,Buy Up,1200,25050.0,0.0
NT2,09:21:17,Buy Up,800,25050.0,0.0
NT2,09:21:02,Sell Down,4200,25050.0,0.0
NT2,09:20:58,Sell Down,500,25050.0,0.0
NT2,09:20:57,Buy Up,5300,25050.0,0.0
NT2,09:20:51,Sell Down,1700,25050.0,0.0
NT2,09:20:50,Sell Down,500,25050.0,0.0
NT2,09:20:46,Sell Down,100,25050.0,0.0
NT2,09:20:38,Buy Up,500,25050.0,0.0
NT2,09:20:38,Buy Up,1000,25050.0,0.0
NT2,09:20:38,Buy Up,100,25050.0,0.0
NT2,09:20:38,Buy Up,300,25050.0,0.0
NT2,09:20:38,Buy Up,3000,25050.0,0.0
NT2,09:20:38,Buy Up,1000,25050.0,0.0
NT2,09:20:38,Buy Up,100,25050.0,0.0
NT2,09:20:38,Buy Up,1000,25050.0,0.0
NT2,09:20:38,Buy Up,200,25050.0,0.0
NT2,09:20:38,Buy Up,500,25050.0,50.0
NT2,09:20:19,Sell Down,100,25000.0,0.0
NT2,09:20:19,Sell Down,100,25000.0,-50.0
NT2,09:20:11,Buy Up,1000,25050.0,50.0
NT2,09:20:05,Sell Down,400,25000.0,0.0
NT2,09:20:05,Sell Down,600,25000.0,0.0
NT2,09:20:05,Sell Down,1000,25000.0,0.0
NT2,09:19:58,Sell Down,100,25000.0,-50.0
NT2,09:19:52,Buy Up,200,25050.0,0.0
NT2,09:19:34,Buy Up,2000,25050.0,0.0
NT2,09:19:32,Buy Up,1700,25050.0,0.0
NT2,09:19:32,Buy Up,1300,25050.0,50.0
NT2,09:19:28,Sell Down,300,25000.0,0.0
NT2,09:19:28,Sell Down,700,25000.0,-50.0
NT2,09:19:26,Buy Up,100,25050.0,0.0
NT2,09:19:14,Buy Up,100,25050.0,0.0
NT2,09:19:14,Buy Up,400,25050.0,0.0
NT2,09:19:14,Buy Up,500,25050.0,0.0
NT2,09:19:14,Buy Up,200,25050.0,0.0
NT2,09:19:13,Sell Down,1800,25050.0,0.0
NT2,09:19:13,Sell Down,200,25050.0,0.0
NT2,09:19:02,Sell Down,1000,25050.0,0.0
NT2,09:18:54,Sell Down,2000,25050.0,0.0
NT2,09:18:34,Sell Down,100,25050.0,0.0
NT2,09:18:33,Sell Down,1000,25050.0,0.0
NT2,09:18:31,Buy Up,1700,25050.0,0.0
NT2,09:18:31,Buy Up,600,25050.0,0.0
NT2,09:18:30,Buy Up,300,25050.0,0.0
NT2,09:18:28,Buy Up,2300,25050.0,0.0
NT2,09:18:28,Buy Up,100,25050.0,0.0
NT2,09:18:19,Sell Down,200,25050.0,0.0
NT2,09:18:19,Sell Down,800,25050.0,0.0
NT2,09:18:19,Sell Down,400,25050.0,0.0
NT2,09:18:19,Sell Down,800,25050.0,0.0
NT2,09:17:55,Buy Up,2200,25050.0,0.0
NT2,09:17:53,Buy Up,2800,25050.0,0.0
NT2,09:17:45,Sell Down,5000,25050.0,-50.0
NT2,09:17:38,Buy Up,1400,25100.0,0.0
NT2,09:17:38,Buy Up,100,25100.0,0.0
NT2,09:17:38,Buy Up,100,25100.0,0.0
NT2,09:17:38,Buy Up,200,25100.0,0.0
NT2,09:17:38,Buy Up,200,25100.0,50.0
NT2,09:17:28,Sell Down,300,25050.0,0.0
NT2,09:17:24,Sell Down,1700,25050.0,0.0
NT2,09:17:24,Sell Down,300,25050.0,0.0
NT2,09:17:23,Sell Down,1700,25050.0,0.0
NT2,09:17:23,Sell Down,300,25050.0,0.0
NT2,09:17:15,Buy Up,200,25050.0,0.0
NT2,09:17:13,Buy Up,800,25050.0,0.0
NT2,09:17:09,Buy Up,200,25050.0,0.0
NT2,09:17:05,Buy Up,800,25050.0,0.0
NT2,09:17:00,Buy Up,200,25050.0,0.0
NT2,09:16:59,Buy Up,300,25050.0,0.0
NT2,09:16:59,Buy Up,700,25050.0,0.0
NT2,09:16:48,Buy Up,1000,25050.0,0.0
NT2,09:16:42,Buy Up,1000,25050.0,0.0
NT2,09:16:38,Buy Up,100,25050.0,0.0
NT2,09:16:35,Buy Up,200,25050.0,50.0
NT2,09:16:30,Sell Down,300,25000.0,0.0
NT2,09:16:30,Sell Down,1600,25000.0,0.0
NT2,09:16:30,Sell Down,800,25000.0,-50.0
NT2,09:16:29,Sell Down,800,25050.0,0.0
NT2,09:16:28,Sell Down,200,25050.0,0.0
NT2,09:16:20,Buy Up,1000,25050.0,0.0
NT2,09:16:20,Buy Up,100,25050.0,0.0
NT2,09:16:20,Buy Up,1200,25050.0,0.0
NT2,09:16:19,Sell Down,2000,25050.0,0.0
NT2,09:16:15,Sell Down,1800,25050.0,0.0
NT2,09:16:15,Sell Down,200,25050.0,0.0
NT2,09:16:15,Sell Down,1000,25050.0,-50.0
NT2,09:16:12,Buy Up,600,25100.0,0.0
NT2,09:16:12,Buy Up,1000,25100.0,50.0
NT2,09:16:12,Sell Down,1000,25050.0,0.0
NT2,09:16:02,Buy Up,500,25050.0,0.0
NT2,09:16:02,Buy Up,300,25050.0,0.0
NT2,09:15:58,Buy Up,900,25050.0,0.0
NT2,09:15:58,Buy Up,100,25050.0,0.0
NT2,09:15:53,Buy Up,100,25050.0,0.0
NT2,09:15:43,Buy Up,300,25050.0,0.0
NT2,09:15:43,Buy Up,100,25050.0,0.0
NT2,09:15:21,Buy Up,100,25050.0,50.0
NT2,09:15:07,Sell Down,100,25000.0,0.0
NT2,09:15:02,Sell Down,1000,25000.0,0.0
NT2,09:15:01,,126100,25000.0,0.0
