ticker,time,orderType,volume,price,prevPriceChange
TTF,11:29:50,Sell Down,1000.0,4590.0,0.0
TTF,11:29:47,Sell Down,200.0,4590.0,0.0
TTF,11:29:47,Sell Down,100.0,4590.0,0.0
TTF,11:29:47,Sell Down,700.0,4590.0,0.0
TTF,11:29:47,Sell Down,100.0,4590.0,0.0
TTF,11:29:47,Sell Down,200.0,4590.0,0.0
TTF,11:29:47,Sell Down,100.0,4590.0,0.0
TTF,11:29:47,Sell Down,2000.0,4590.0,0.0
TTF,11:29:47,Sell Down,6600.0,4590.0,0.0
TTF,11:29:34,Sell Down,1000.0,4590.0,0.0
TTF,11:29:01,Sell Down,10000.0,4590.0,-10.0
TTF,11:27:58,Buy Up,200.0,4600.0,10.0
TTF,11:27:51,Sell Down,1000.0,4590.0,0.0
TTF,11:27:51,Sell Down,1000.0,4590.0,0.0
TTF,11:27:51,Sell Down,2400.0,4590.0,0.0
TTF,11:27:51,Sell Down,200.0,4590.0,0.0
TTF,11:27:51,Sell Down,1000.0,4590.0,-10.0
TTF,11:26:55,Buy Up,300.0,4600.0,10.0
TTF,11:26:44,Sell Down,100.0,4590.0,0.0
TTF,11:26:44,Sell Down,100.0,4590.0,0.0
TTF,11:26:44,Sell Down,200.0,4590.0,0.0
TTF,11:26:10,Sell Down,300.0,4590.0,0.0
TTF,11:26:10,Sell Down,1000.0,4590.0,0.0
TTF,11:26:10,Sell Down,100.0,4590.0,0.0
TTF,11:26:10,Sell Down,200.0,4590.0,0.0
TTF,11:26:10,Sell Down,100.0,4590.0,0.0
TTF,11:26:10,Sell Down,100.0,4590.0,0.0
TTF,11:26:10,Sell Down,1200.0,4590.0,0.0
TTF,11:26:10,Sell Down,2000.0,4590.0,-10.0
TTF,11:25:58,Buy Up,1000.0,4600.0,0.0
TTF,11:25:27,Buy Up,700.0,4600.0,0.0
TTF,11:25:21,Buy Up,100.0,4600.0,0.0
TTF,11:25:15,Buy Up,6000.0,4600.0,0.0
TTF,11:24:58,Buy Up,300.0,4600.0,0.0
TTF,11:24:09,Buy Up,1600.0,4600.0,0.0
TTF,11:23:16,Sell Down,2000.0,4600.0,0.0
TTF,11:23:16,Sell Down,2000.0,4600.0,0.0
TTF,11:23:16,Sell Down,8100.0,4600.0,0.0
TTF,11:22:52,Buy Up,1900.0,4600.0,0.0
TTF,11:22:48,Buy Up,200.0,4600.0,0.0
TTF,11:22:24,Sell Down,500.0,4600.0,0.0
TTF,11:22:23,Buy Up,500.0,4600.0,0.0
TTF,11:22:23,Buy Up,800.0,4600.0,0.0
TTF,11:21:47,Buy Up,1000.0,4600.0,0.0
TTF,11:21:43,Buy Up,8200.0,4600.0,0.0
TTF,11:21:43,Buy Up,1000.0,4600.0,0.0
TTF,11:21:43,Buy Up,800.0,4600.0,0.0
TTF,11:21:30,Buy Up,2000.0,4600.0,0.0
TTF,11:20:21,Buy Up,100.0,4600.0,0.0
TTF,11:20:17,Buy Up,1000.0,4600.0,0.0
TTF,11:20:13,Buy Up,100.0,4600.0,0.0
TTF,11:20:03,Buy Up,500.0,4600.0,0.0
TTF,11:19:45,Buy Up,100.0,4600.0,0.0
TTF,11:19:12,Buy Up,100.0,4600.0,0.0
TTF,11:19:05,Buy Up,400.0,4600.0,0.0
TTF,11:18:50,Buy Up,1500.0,4600.0,0.0
TTF,11:18:49,Sell Down,700.0,4600.0,0.0
TTF,11:18:49,Sell Down,100.0,4600.0,0.0
TTF,11:18:49,Sell Down,2100.0,4600.0,10.0
TTF,11:18:09,Sell Down,500.0,4590.0,0.0
TTF,11:18:09,Sell Down,500.0,4590.0,0.0
TTF,11:18:09,Sell Down,5000.0,4590.0,0.0
TTF,11:18:09,Sell Down,300.0,4590.0,0.0
TTF,11:18:09,Sell Down,300.0,4590.0,0.0
TTF,11:18:09,Sell Down,100.0,4590.0,0.0
TTF,11:18:09,Sell Down,2000.0,4590.0,0.0
TTF,11:18:09,Sell Down,200.0,4590.0,0.0
TTF,11:18:09,Sell Down,100.0,4590.0,0.0
TTF,11:18:09,Sell Down,100.0,4590.0,0.0
TTF,11:18:09,Sell Down,100.0,4590.0,0.0
TTF,11:18:09,Sell Down,500.0,4590.0,0.0
TTF,11:18:09,Sell Down,10100.0,4590.0,-10.0
TTF,11:18:09,Sell Down,200.0,4600.0,-20.0
TTF,11:17:34,Buy Up,2300.0,4620.0,10.0
TTF,11:17:34,Buy Up,9200.0,4610.0,0.0
TTF,11:17:34,Buy Up,1000.0,4610.0,10.0
TTF,11:17:34,Buy Up,12500.0,4600.0,0.0
TTF,11:17:34,Buy Up,100.0,4600.0,0.0
TTF,11:17:33,Buy Up,100.0,4600.0,0.0
TTF,11:17:21,Sell Down,2200.0,4600.0,0.0
TTF,11:17:21,Sell Down,5000.0,4600.0,0.0
TTF,11:17:21,Sell Down,900.0,4600.0,0.0
TTF,11:17:21,Sell Down,10600.0,4600.0,0.0
TTF,11:17:21,Sell Down,100.0,4600.0,0.0
TTF,11:17:21,Sell Down,400.0,4600.0,0.0
TTF,11:17:21,Sell Down,1000.0,4600.0,0.0
TTF,11:17:21,Sell Down,1000.0,4600.0,0.0
TTF,11:17:21,Sell Down,500.0,4600.0,0.0
TTF,11:17:21,Sell Down,100.0,4600.0,0.0
TTF,11:17:21,Sell Down,2000.0,4600.0,0.0
TTF,11:17:21,Sell Down,300.0,4600.0,0.0
TTF,11:17:21,Sell Down,100.0,4600.0,0.0
TTF,11:17:21,Sell Down,400.0,4600.0,0.0
TTF,11:17:21,Sell Down,2000.0,4600.0,0.0
TTF,11:17:21,Sell Down,5000.0,4600.0,0.0
TTF,11:17:21,Sell Down,2000.0,4600.0,0.0
TTF,11:17:21,Sell Down,200.0,4600.0,0.0
TTF,11:17:21,Sell Down,1000.0,4600.0,0.0
TTF,11:17:21,Sell Down,500.0,4600.0,0.0
TTF,11:17:21,Sell Down,200.0,4600.0,0.0
TTF,11:17:21,Sell Down,100.0,4600.0,0.0
TTF,11:17:21,Sell Down,100.0,4600.0,0.0
TTF,11:17:21,Sell Down,700.0,4600.0,0.0
TTF,11:17:21,Sell Down,500.0,4600.0,0.0
TTF,11:17:21,Sell Down,400.0,4600.0,0.0
TTF,11:16:59,Sell Down,4600.0,4600.0,0.0
TTF,11:16:59,Sell Down,200.0,4600.0,0.0
TTF,11:16:59,Sell Down,10000.0,4600.0,0.0
TTF,11:16:59,Sell Down,100.0,4600.0,0.0
TTF,11:16:59,Sell Down,300.0,4600.0,0.0
TTF,11:16:59,Sell Down,1000.0,4600.0,0.0
TTF,11:16:59,Sell Down,2000.0,4600.0,0.0
TTF,11:16:59,Sell Down,200.0,4600.0,0.0
TTF,11:16:59,Sell Down,100.0,4600.0,0.0
TTF,11:16:59,Sell Down,2000.0,4600.0,0.0
TTF,11:16:59,Sell Down,300.0,4600.0,0.0
TTF,11:16:59,Sell Down,6000.0,4600.0,0.0
TTF,11:16:59,Sell Down,200.0,4600.0,0.0
TTF,11:16:31,Sell Down,100.0,4600.0,-10.0
TTF,11:15:42,Buy Up,2000.0,4610.0,0.0
TTF,11:15:27,Buy Up,900.0,4610.0,10.0
TTF,11:15:18,Sell Down,3900.0,4600.0,0.0
TTF,11:15:18,Sell Down,500.0,4600.0,0.0
TTF,11:15:18,Sell Down,600.0,4600.0,-10.0
TTF,11:15:11,Sell Down,100.0,4610.0,0.0
TTF,11:15:11,Sell Down,100.0,4610.0,0.0
TTF,11:15:06,Sell Down,100.0,4610.0,0.0
TTF,11:15:06,Sell Down,6900.0,4610.0,0.0
TTF,11:15:04,Sell Down,1000.0,4610.0,0.0
TTF,11:14:33,Sell Down,100.0,4610.0,0.0
TTF,11:14:31,Sell Down,2000.0,4610.0,0.0
TTF,11:14:31,Sell Down,200.0,4610.0,0.0
TTF,11:14:31,Sell Down,500.0,4610.0,0.0
TTF,11:14:31,Sell Down,200.0,4610.0,0.0
TTF,11:14:31,Sell Down,100.0,4610.0,-10.0
TTF,11:14:10,Buy Up,400.0,4620.0,0.0
TTF,11:14:10,Buy Up,1000.0,4620.0,0.0
TTF,11:14:10,Buy Up,2100.0,4620.0,0.0
TTF,11:13:00,Buy Up,500.0,4620.0,0.0
TTF,11:12:58,Buy Up,100.0,4620.0,0.0
TTF,11:12:58,Buy Up,900.0,4620.0,0.0
TTF,11:12:49,Buy Up,10000.0,4620.0,0.0
TTF,11:12:34,Buy Up,18100.0,4620.0,0.0
TTF,11:12:34,Buy Up,100.0,4620.0,0.0
TTF,11:12:34,Buy Up,1800.0,4620.0,0.0
TTF,11:12:05,Buy Up,100.0,4620.0,0.0
TTF,11:11:44,Buy Up,100.0,4620.0,0.0
TTF,11:11:36,Buy Up,500.0,4620.0,0.0
TTF,11:11:26,Sell Down,300.0,4620.0,0.0
TTF,11:11:26,Sell Down,700.0,4620.0,0.0
TTF,11:11:03,Sell Down,1300.0,4620.0,0.0
TTF,11:11:03,Sell Down,1000.0,4620.0,0.0
TTF,11:11:03,Sell Down,200.0,4620.0,0.0
TTF,11:09:27,Buy Up,3100.0,4620.0,0.0
TTF,11:09:23,Buy Up,200.0,4620.0,0.0
TTF,11:09:05,Sell Down,1700.0,4620.0,0.0
TTF,11:08:44,Sell Down,300.0,4620.0,0.0
TTF,11:08:44,Sell Down,2800.0,4620.0,0.0
TTF,11:08:44,Sell Down,200.0,4620.0,0.0
TTF,11:08:44,Sell Down,6700.0,4620.0,0.0
TTF,11:07:55,Sell Down,200.0,4620.0,0.0
TTF,11:06:59,Sell Down,2900.0,4620.0,0.0
TTF,11:06:59,Sell Down,6800.0,4620.0,-10.0
TTF,11:06:31,Sell Down,300.0,4630.0,0.0
TTF,11:06:09,Buy Up,500.0,4630.0,0.0
TTF,11:06:09,Buy Up,200.0,4630.0,0.0
TTF,11:05:27,Sell Down,100.0,4630.0,0.0
TTF,11:04:14,Sell Down,200.0,4630.0,0.0
TTF,11:04:14,Sell Down,800.0,4630.0,0.0
TTF,11:03:57,Sell Down,200.0,4630.0,0.0
TTF,11:02:29,Buy Up,1000.0,4630.0,0.0
TTF,11:02:10,Buy Up,3000.0,4630.0,0.0
TTF,11:02:10,Buy Up,10000.0,4630.0,0.0
TTF,11:02:10,Buy Up,500.0,4630.0,0.0
TTF,11:02:10,Buy Up,100.0,4630.0,0.0
TTF,11:02:10,Buy Up,2300.0,4630.0,0.0
TTF,11:02:10,Buy Up,9100.0,4630.0,10.0
TTF,11:01:33,Sell Down,100.0,4620.0,0.0
TTF,11:00:39,Sell Down,3200.0,4620.0,0.0
TTF,11:00:35,Sell Down,2000.0,4620.0,0.0
TTF,11:00:35,Sell Down,2900.0,4620.0,0.0
TTF,10:59:32,Sell Down,2300.0,4620.0,0.0
TTF,10:58:41,Sell Down,300.0,4620.0,0.0
TTF,10:58:33,Buy Up,2000.0,4620.0,0.0
TTF,10:58:33,Buy Up,1000.0,4620.0,0.0
TTF,10:58:33,Buy Up,100.0,4620.0,0.0
TTF,10:58:33,Buy Up,300.0,4620.0,0.0
TTF,10:58:11,Buy Up,1000.0,4620.0,0.0
TTF,10:58:07,Buy Up,2000.0,4620.0,0.0
TTF,10:54:34,Buy Up,1000.0,4620.0,0.0
TTF,10:53:34,Buy Up,100.0,4620.0,0.0
TTF,10:53:34,Buy Up,700.0,4620.0,0.0
TTF,10:53:34,Buy Up,200.0,4620.0,10.0
TTF,10:53:12,Sell Down,900.0,4610.0,0.0
TTF,10:53:12,Sell Down,100.0,4610.0,0.0
TTF,10:52:50,Sell Down,100.0,4610.0,10.0
TTF,10:52:15,Sell Down,400.0,4600.0,0.0
TTF,10:52:15,Sell Down,100.0,4600.0,0.0
TTF,10:52:15,Sell Down,2000.0,4600.0,0.0
TTF,10:52:15,Sell Down,400.0,4600.0,0.0
TTF,10:52:15,Sell Down,1000.0,4600.0,0.0
TTF,10:52:15,Sell Down,3000.0,4600.0,0.0
TTF,10:52:15,Sell Down,100.0,4600.0,0.0
TTF,10:52:15,Sell Down,100.0,4600.0,0.0
TTF,10:52:15,Sell Down,100.0,4600.0,0.0
TTF,10:52:15,Sell Down,1000.0,4600.0,0.0
TTF,10:52:15,Sell Down,300.0,4600.0,-10.0
TTF,10:51:58,Buy Up,1000.0,4610.0,0.0
TTF,10:51:58,Buy Up,100.0,4610.0,0.0
TTF,10:51:58,Buy Up,400.0,4610.0,0.0
TTF,10:51:58,Buy Up,1000.0,4610.0,0.0
TTF,10:51:58,Buy Up,100.0,4610.0,0.0
TTF,10:51:58,Buy Up,100.0,4610.0,0.0
TTF,10:51:58,Buy Up,5000.0,4610.0,0.0
TTF,10:51:58,Buy Up,3000.0,4610.0,0.0
TTF,10:51:58,Buy Up,2200.0,4610.0,0.0
TTF,10:51:58,Sell Down,4000.0,4610.0,0.0
TTF,10:51:58,Sell Down,1000.0,4610.0,0.0
TTF,10:51:58,Sell Down,5400.0,4610.0,0.0
TTF,10:51:40,Sell Down,2000.0,4610.0,0.0
TTF,10:51:29,Sell Down,5000.0,4610.0,0.0
TTF,10:51:17,Sell Down,5000.0,4610.0,-10.0
TTF,10:49:43,Buy Up,100.0,4620.0,0.0
TTF,10:49:34,Buy Up,100.0,4620.0,0.0
TTF,10:49:29,Buy Up,200.0,4620.0,0.0
TTF,10:49:28,Buy Up,100.0,4620.0,0.0
TTF,10:49:21,Buy Up,100.0,4620.0,0.0
TTF,10:49:21,Buy Up,1600.0,4620.0,0.0
TTF,10:49:21,Buy Up,300.0,4620.0,0.0
TTF,10:48:57,Buy Up,100.0,4620.0,10.0
TTF,10:48:45,Sell Down,200.0,4610.0,0.0
TTF,10:48:32,Sell Down,300.0,4610.0,0.0
TTF,10:45:59,Sell Down,500.0,4610.0,-10.0
TTF,10:45:20,Sell Down,2100.0,4620.0,0.0
TTF,10:45:20,Sell Down,500.0,4620.0,10.0
TTF,10:44:14,Sell Down,1600.0,4610.0,0.0
TTF,10:44:14,Sell Down,1000.0,4610.0,0.0
TTF,10:44:14,Sell Down,1000.0,4610.0,0.0
TTF,10:44:14,Sell Down,100.0,4610.0,0.0
TTF,10:44:14,Sell Down,5400.0,4610.0,-10.0
TTF,10:44:14,Buy Up,900.0,4620.0,0.0
TTF,10:43:52,Buy Up,100.0,4620.0,0.0
TTF,10:43:22,Buy Up,200.0,4620.0,0.0
TTF,10:43:22,Buy Up,1300.0,4620.0,10.0
TTF,10:42:52,Sell Down,400.0,4610.0,-10.0
TTF,10:42:40,Buy Up,700.0,4620.0,0.0
TTF,10:42:40,Buy Up,500.0,4620.0,0.0
TTF,10:42:40,Buy Up,8800.0,4620.0,0.0
TTF,10:41:09,Buy Up,300.0,4620.0,10.0
TTF,10:40:54,Sell Down,2000.0,4610.0,-10.0
TTF,10:40:18,Buy Up,800.0,4620.0,0.0
TTF,10:40:18,Buy Up,100.0,4620.0,0.0
TTF,10:40:18,Buy Up,900.0,4620.0,0.0
TTF,10:40:18,Buy Up,200.0,4620.0,0.0
TTF,10:39:59,Buy Up,100.0,4620.0,0.0
TTF,10:39:32,Buy Up,100.0,4620.0,0.0
TTF,10:38:18,Buy Up,1000.0,4620.0,0.0
TTF,10:38:00,Buy Up,1000.0,4620.0,0.0
TTF,10:36:57,Buy Up,2000.0,4620.0,10.0
TTF,10:36:56,Sell Down,1000.0,4610.0,0.0
TTF,10:36:55,Sell Down,300.0,4610.0,-10.0
TTF,10:36:04,Buy Up,1400.0,4620.0,0.0
TTF,10:36:04,Buy Up,2000.0,4620.0,0.0
TTF,10:36:04,Buy Up,500.0,4620.0,0.0
TTF,10:36:04,Buy Up,500.0,4620.0,0.0
TTF,10:36:04,Buy Up,600.0,4620.0,0.0
TTF,10:36:04,Buy Up,5000.0,4620.0,0.0
TTF,10:35:35,Buy Up,100.0,4620.0,0.0
TTF,10:33:58,Buy Up,1000.0,4620.0,0.0
TTF,10:33:29,Buy Up,1500.0,4620.0,10.0
TTF,10:33:08,Sell Down,900.0,4610.0,0.0
TTF,10:33:08,Sell Down,100.0,4610.0,0.0
TTF,10:33:08,Sell Down,1000.0,4610.0,-10.0
TTF,10:32:39,Buy Up,3000.0,4620.0,10.0
TTF,10:32:21,Sell Down,1900.0,4610.0,0.0
TTF,10:32:21,Sell Down,100.0,4610.0,0.0
TTF,10:31:45,Sell Down,900.0,4610.0,0.0
TTF,10:31:45,Sell Down,600.0,4610.0,-10.0
TTF,10:31:41,Buy Up,1000.0,4620.0,10.0
TTF,10:31:10,Sell Down,1400.0,4610.0,0.0
TTF,10:31:10,Sell Down,100.0,4610.0,0.0
TTF,10:31:10,Sell Down,500.0,4610.0,0.0
TTF,10:30:54,Sell Down,500.0,4610.0,0.0
TTF,10:30:54,Sell Down,1500.0,4610.0,0.0
TTF,10:30:23,Sell Down,500.0,4610.0,0.0
TTF,10:30:04,Sell Down,200.0,4610.0,-10.0
TTF,10:29:42,Buy Up,1000.0,4620.0,0.0
TTF,10:28:44,Buy Up,1900.0,4620.0,0.0
TTF,10:28:23,Buy Up,500.0,4620.0,10.0
TTF,10:28:22,Sell Down,700.0,4610.0,0.0
TTF,10:27:13,Sell Down,100.0,4610.0,-10.0
TTF,10:25:33,Buy Up,1000.0,4620.0,0.0
TTF,10:25:17,Buy Up,500.0,4620.0,0.0
TTF,10:23:54,Buy Up,500.0,4620.0,0.0
TTF,10:23:50,Sell Down,500.0,4620.0,0.0
TTF,10:23:50,Sell Down,3300.0,4620.0,0.0
TTF,10:23:44,Sell Down,2300.0,4620.0,0.0
TTF,10:23:35,Sell Down,2000.0,4620.0,0.0
TTF,10:23:24,Buy Up,300.0,4620.0,0.0
TTF,10:23:24,Buy Up,300.0,4620.0,0.0
TTF,10:23:24,Buy Up,1000.0,4620.0,0.0
TTF,10:23:24,Buy Up,300.0,4620.0,0.0
TTF,10:23:24,Buy Up,500.0,4620.0,10.0
TTF,10:22:34,Sell Down,100.0,4610.0,-10.0
TTF,10:22:30,Buy Up,100.0,4620.0,0.0
TTF,10:22:27,Buy Up,100.0,4620.0,10.0
TTF,10:21:14,Sell Down,100.0,4610.0,-10.0
TTF,10:20:15,Buy Up,800.0,4620.0,0.0
TTF,10:20:15,Buy Up,200.0,4620.0,10.0
TTF,10:19:46,Sell Down,900.0,4610.0,0.0
TTF,10:19:46,Sell Down,1000.0,4610.0,0.0
TTF,10:19:46,Sell Down,100.0,4610.0,0.0
TTF,10:18:30,Sell Down,100.0,4610.0,0.0
TTF,10:18:30,Sell Down,100.0,4610.0,-10.0
TTF,10:17:36,Sell Down,2000.0,4620.0,0.0
TTF,10:17:36,Sell Down,5000.0,4620.0,0.0
TTF,10:17:36,Sell Down,100.0,4620.0,0.0
TTF,10:17:36,Sell Down,1000.0,4620.0,0.0
TTF,10:17:36,Sell Down,100.0,4620.0,0.0
TTF,10:17:36,Sell Down,1600.0,4620.0,0.0
TTF,10:17:26,Sell Down,1000.0,4620.0,0.0
TTF,10:15:22,Sell Down,500.0,4620.0,-10.0
TTF,10:15:05,Buy Up,3000.0,4630.0,10.0
TTF,10:13:47,Sell Down,5000.0,4620.0,0.0
TTF,10:13:29,Sell Down,1400.0,4620.0,0.0
TTF,10:12:33,Sell Down,7500.0,4620.0,0.0
TTF,10:12:00,Sell Down,3000.0,4620.0,-10.0
TTF,10:10:52,Buy Up,100.0,4630.0,10.0
TTF,10:10:51,Sell Down,15000.0,4620.0,0.0
TTF,10:10:37,Buy Up,5000.0,4620.0,0.0
TTF,10:10:15,Buy Up,6500.0,4620.0,0.0
TTF,10:09:48,Sell Down,700.0,4620.0,0.0
TTF,10:09:42,Sell Down,1300.0,4620.0,0.0
TTF,10:09:30,Sell Down,2000.0,4620.0,0.0
TTF,10:09:30,Sell Down,6700.0,4620.0,0.0
TTF,10:09:30,Sell Down,1000.0,4620.0,0.0
TTF,10:09:30,Sell Down,5000.0,4620.0,0.0
TTF,10:09:30,Sell Down,500.0,4620.0,0.0
TTF,10:09:30,Sell Down,4800.0,4620.0,0.0
TTF,10:09:03,Sell Down,200.0,4620.0,0.0
TTF,10:09:03,Sell Down,200.0,4620.0,0.0
TTF,10:09:03,Sell Down,800.0,4620.0,0.0
TTF,10:09:00,Sell Down,1000.0,4620.0,0.0
TTF,10:08:56,Sell Down,100.0,4620.0,0.0
TTF,10:08:54,Sell Down,500.0,4620.0,0.0
TTF,10:08:30,Sell Down,800.0,4620.0,-10.0
TTF,10:08:23,Buy Up,3000.0,4630.0,0.0
TTF,10:08:14,Buy Up,100.0,4630.0,0.0
TTF,10:07:59,Buy Up,200.0,4630.0,0.0
TTF,10:07:44,Buy Up,6500.0,4630.0,0.0
TTF,10:07:18,Sell Down,1500.0,4630.0,0.0
TTF,10:06:56,Sell Down,2000.0,4630.0,0.0
TTF,10:06:56,Sell Down,100.0,4630.0,0.0
TTF,10:06:56,Sell Down,200.0,4630.0,0.0
TTF,10:06:56,Sell Down,100.0,4630.0,0.0
TTF,10:06:56,Sell Down,4000.0,4630.0,0.0
TTF,10:06:56,Sell Down,100.0,4630.0,0.0
TTF,10:06:56,Sell Down,1000.0,4630.0,0.0
TTF,10:06:56,Sell Down,2000.0,4630.0,0.0
TTF,10:06:56,Sell Down,500.0,4630.0,0.0
TTF,10:05:44,Sell Down,400.0,4630.0,-10.0
TTF,10:04:57,Sell Down,500.0,4640.0,0.0
TTF,10:04:17,Sell Down,1500.0,4640.0,0.0
TTF,10:04:17,Sell Down,100.0,4640.0,0.0
TTF,10:04:17,Sell Down,800.0,4640.0,0.0
TTF,10:04:17,Sell Down,500.0,4640.0,0.0
TTF,10:04:17,Sell Down,100.0,4640.0,0.0
TTF,10:04:17,Sell Down,600.0,4640.0,0.0
TTF,10:04:17,Sell Down,200.0,4640.0,0.0
TTF,10:04:17,Sell Down,1000.0,4640.0,0.0
TTF,10:04:17,Sell Down,200.0,4640.0,0.0
TTF,10:04:04,Sell Down,100.0,4640.0,0.0
TTF,10:04:04,Sell Down,800.0,4640.0,0.0
TTF,10:04:04,Sell Down,100.0,4640.0,0.0
TTF,10:02:03,Sell Down,900.0,4640.0,0.0
TTF,10:02:03,Sell Down,200.0,4640.0,0.0
TTF,10:02:03,Sell Down,1900.0,4640.0,-10.0
TTF,10:01:52,Buy Up,1100.0,4650.0,0.0
TTF,10:01:34,Buy Up,100.0,4650.0,10.0
TTF,10:00:10,Sell Down,9600.0,4640.0,-10.0
TTF,10:00:10,Sell Down,100.0,4650.0,0.0
TTF,10:00:10,Sell Down,300.0,4650.0,-10.0
TTF,09:59:38,Buy Up,200.0,4660.0,10.0
TTF,09:59:28,Buy Up,500.0,4650.0,0.0
TTF,09:59:28,Buy Up,200.0,4650.0,-10.0
TTF,09:58:55,Buy Up,100.0,4660.0,0.0
TTF,09:58:55,Buy Up,100.0,4660.0,10.0
TTF,09:58:55,Buy Up,1800.0,4650.0,0.0
TTF,09:58:50,Sell Down,1200.0,4650.0,10.0
TTF,09:58:36,Sell Down,38500.0,4640.0,0.0
TTF,09:58:36,Sell Down,300.0,4640.0,0.0
TTF,09:58:36,Sell Down,300.0,4640.0,-10.0
TTF,09:58:36,Sell Down,1800.0,4650.0,0.0
TTF,09:58:35,Buy Up,100.0,4650.0,0.0
TTF,09:58:35,Buy Up,2000.0,4650.0,0.0
TTF,09:58:35,Buy Up,500.0,4650.0,0.0
TTF,09:58:35,Buy Up,4000.0,4650.0,0.0
TTF,09:58:35,Buy Up,1000.0,4650.0,0.0
TTF,09:58:35,Buy Up,5600.0,4650.0,0.0
TTF,09:58:12,Buy Up,800.0,4650.0,0.0
TTF,09:57:51,Buy Up,1500.0,4650.0,0.0
TTF,09:57:45,Buy Up,500.0,4650.0,0.0
TTF,09:57:37,Buy Up,1000.0,4650.0,0.0
TTF,09:57:20,Buy Up,300.0,4650.0,0.0
TTF,09:57:10,Buy Up,1300.0,4650.0,0.0
TTF,09:57:07,Buy Up,3700.0,4650.0,0.0
TTF,09:57:00,Sell Down,300.0,4650.0,0.0
TTF,09:56:49,Sell Down,6000.0,4650.0,0.0
TTF,09:56:47,Sell Down,7000.0,4650.0,0.0
TTF,09:56:47,Sell Down,2000.0,4650.0,0.0
TTF,09:56:47,Sell Down,4700.0,4650.0,0.0
TTF,09:56:44,Buy Up,100.0,4650.0,0.0
TTF,09:56:37,Buy Up,200.0,4650.0,0.0
TTF,09:56:19,Buy Up,1500.0,4650.0,0.0
TTF,09:56:19,Buy Up,100.0,4650.0,0.0
TTF,09:56:19,Buy Up,100.0,4650.0,0.0
TTF,09:56:19,Buy Up,100.0,4650.0,0.0
TTF,09:56:19,Buy Up,200.0,4650.0,0.0
TTF,09:56:18,Buy Up,1000.0,4650.0,0.0
TTF,09:56:16,Buy Up,1400.0,4650.0,10.0
TTF,09:55:55,Sell Down,300.0,4640.0,-10.0
TTF,09:55:49,Buy Up,100.0,4650.0,0.0
TTF,09:55:49,Buy Up,600.0,4650.0,10.0
TTF,09:54:55,Buy Up,400.0,4640.0,0.0
TTF,09:54:52,Sell Down,200.0,4640.0,0.0
TTF,09:54:52,Sell Down,200.0,4640.0,0.0
TTF,09:54:47,Sell Down,200.0,4640.0,0.0
TTF,09:54:26,Sell Down,1000.0,4640.0,0.0
TTF,09:54:26,Sell Down,1000.0,4640.0,0.0
TTF,09:54:26,Sell Down,300.0,4640.0,0.0
TTF,09:54:26,Sell Down,16200.0,4640.0,0.0
TTF,09:54:01,Sell Down,13800.0,4640.0,0.0
TTF,09:54:01,Sell Down,5000.0,4640.0,0.0
TTF,09:54:01,Sell Down,100.0,4640.0,0.0
TTF,09:54:01,Sell Down,100.0,4640.0,0.0
TTF,09:52:59,Buy Up,200.0,4640.0,10.0
TTF,09:52:53,Sell Down,900.0,4630.0,0.0
TTF,09:52:53,Sell Down,2400.0,4630.0,0.0
TTF,09:52:03,Sell Down,600.0,4630.0,0.0
TTF,09:52:03,Sell Down,100.0,4630.0,0.0
TTF,09:52:03,Sell Down,500.0,4630.0,0.0
TTF,09:52:03,Sell Down,2200.0,4630.0,0.0
TTF,09:51:50,Sell Down,3000.0,4630.0,0.0
TTF,09:51:03,Sell Down,4800.0,4630.0,0.0
TTF,09:51:03,Sell Down,200.0,4630.0,-10.0
TTF,09:51:02,Buy Up,3500.0,4640.0,0.0
TTF,09:50:22,Sell Down,1000.0,4640.0,0.0
TTF,09:50:03,Sell Down,200.0,4640.0,-10.0
TTF,09:49:06,Buy Up,400.0,4650.0,0.0
TTF,09:49:06,Buy Up,100.0,4650.0,0.0
TTF,09:48:49,Buy Up,100.0,4650.0,0.0
TTF,09:48:46,Buy Up,800.0,4650.0,0.0
TTF,09:48:46,Buy Up,100.0,4650.0,0.0
TTF,09:48:46,Buy Up,1000.0,4650.0,0.0
TTF,09:48:46,Buy Up,500.0,4650.0,0.0
TTF,09:48:46,Buy Up,300.0,4650.0,0.0
TTF,09:48:46,Buy Up,1000.0,4650.0,0.0
TTF,09:48:46,Buy Up,300.0,4650.0,0.0
TTF,09:47:50,Buy Up,1000.0,4650.0,0.0
TTF,09:47:50,Buy Up,200.0,4650.0,0.0
TTF,09:47:50,Buy Up,200.0,4650.0,0.0
TTF,09:47:50,Buy Up,1100.0,4650.0,0.0
TTF,09:47:50,Buy Up,100.0,4650.0,0.0
TTF,09:47:50,Buy Up,200.0,4650.0,0.0
TTF,09:47:50,Buy Up,100.0,4650.0,0.0
TTF,09:47:50,Buy Up,2100.0,4650.0,0.0
TTF,09:47:21,Buy Up,200.0,4650.0,10.0
TTF,09:47:21,Buy Up,500.0,4640.0,-10.0
TTF,09:47:06,Buy Up,100.0,4650.0,0.0
TTF,09:47:01,Buy Up,300.0,4650.0,0.0
TTF,09:46:26,Buy Up,500.0,4650.0,0.0
TTF,09:46:21,Buy Up,100.0,4650.0,0.0
TTF,09:46:08,Buy Up,1000.0,4650.0,0.0
TTF,09:45:47,Buy Up,700.0,4650.0,0.0
TTF,09:45:46,Buy Up,300.0,4650.0,10.0
TTF,09:45:46,Buy Up,100.0,4640.0,0.0
TTF,09:45:46,Buy Up,600.0,4640.0,0.0
TTF,09:45:46,Buy Up,200.0,4640.0,10.0
TTF,09:45:46,Buy Up,100.0,4630.0,10.0
TTF,09:44:58,Sell Down,1000.0,4620.0,0.0
TTF,09:44:56,Buy Up,800.0,4620.0,0.0
TTF,09:44:53,Sell Down,500.0,4620.0,-10.0
TTF,09:44:53,Sell Down,2700.0,4630.0,-10.0
TTF,09:44:51,Buy Up,3600.0,4640.0,0.0
TTF,09:44:51,Buy Up,100.0,4640.0,0.0
TTF,09:44:51,Buy Up,100.0,4640.0,10.0
TTF,09:44:41,Buy Up,100.0,4630.0,0.0
TTF,09:44:41,Buy Up,500.0,4630.0,0.0
TTF,09:44:34,Buy Up,500.0,4630.0,10.0
TTF,09:44:13,Sell Down,100.0,4620.0,0.0
TTF,09:44:07,Buy Up,500.0,4620.0,0.0
TTF,09:44:07,Buy Up,1000.0,4620.0,0.0
TTF,09:44:07,Buy Up,100.0,4620.0,0.0
TTF,09:44:07,Buy Up,1000.0,4620.0,0.0
TTF,09:44:07,Buy Up,600.0,4620.0,0.0
TTF,09:44:07,Buy Up,1000.0,4620.0,0.0
TTF,09:44:07,Buy Up,700.0,4620.0,10.0
TTF,09:43:52,Sell Down,2500.0,4610.0,0.0
TTF,09:43:52,Sell Down,200.0,4610.0,0.0
TTF,09:43:52,Sell Down,3500.0,4610.0,-10.0
TTF,09:43:44,Buy Up,200.0,4620.0,0.0
TTF,09:43:36,Buy Up,100.0,4620.0,0.0
TTF,09:43:29,Buy Up,10000.0,4620.0,0.0
TTF,09:43:10,Buy Up,9000.0,4620.0,0.0
TTF,09:42:58,Buy Up,1000.0,4620.0,0.0
TTF,09:42:58,Buy Up,700.0,4620.0,0.0
TTF,09:42:58,Buy Up,400.0,4620.0,10.0
TTF,09:42:58,Sell Down,200.0,4610.0,0.0
TTF,09:42:32,Buy Up,5000.0,4610.0,0.0
TTF,09:42:32,Buy Up,5000.0,4610.0,0.0
TTF,09:42:32,Buy Up,100.0,4610.0,0.0
TTF,09:42:32,Buy Up,300.0,4610.0,0.0
TTF,09:42:32,Buy Up,600.0,4610.0,0.0
TTF,09:42:29,Buy Up,2400.0,4610.0,10.0
TTF,09:42:28,Sell Down,1100.0,4600.0,0.0
TTF,09:42:28,Sell Down,100.0,4600.0,-10.0
TTF,09:42:17,Buy Up,100.0,4610.0,10.0
TTF,09:41:29,Sell Down,500.0,4600.0,0.0
TTF,09:41:13,Buy Up,1100.0,4600.0,0.0
TTF,09:41:13,Buy Up,2300.0,4600.0,0.0
TTF,09:41:07,Buy Up,1100.0,4600.0,10.0
TTF,09:40:40,Sell Down,200.0,4590.0,-10.0
TTF,09:40:26,Buy Up,1600.0,4600.0,0.0
TTF,09:40:26,Buy Up,2100.0,4600.0,0.0
TTF,09:40:26,Buy Up,600.0,4600.0,10.0
TTF,09:40:07,Sell Down,100.0,4590.0,-10.0
TTF,09:40:00,Buy Up,1000.0,4600.0,0.0
TTF,09:39:46,Buy Up,500.0,4600.0,0.0
TTF,09:39:27,Buy Up,5000.0,4600.0,10.0
TTF,09:38:57,Sell Down,500.0,4590.0,0.0
TTF,09:38:56,Sell Down,1000.0,4590.0,0.0
TTF,09:38:45,Sell Down,2000.0,4590.0,0.0
TTF,09:38:37,Sell Down,1100.0,4590.0,0.0
TTF,09:38:32,Buy Up,3000.0,4590.0,0.0
TTF,09:38:32,Buy Up,2000.0,4590.0,10.0
TTF,09:38:30,Sell Down,1800.0,4580.0,0.0
TTF,09:38:27,Sell Down,1400.0,4580.0,0.0
TTF,09:38:27,Sell Down,200.0,4580.0,0.0
TTF,09:38:27,Sell Down,200.0,4580.0,0.0
TTF,09:38:27,Sell Down,1200.0,4580.0,0.0
TTF,09:38:22,Sell Down,800.0,4580.0,0.0
TTF,09:38:22,Sell Down,1000.0,4580.0,0.0
TTF,09:38:22,Sell Down,500.0,4580.0,0.0
TTF,09:38:22,Sell Down,700.0,4580.0,0.0
TTF,09:38:12,Sell Down,15000.0,4580.0,0.0
TTF,09:38:09,Sell Down,9300.0,4580.0,0.0
TTF,09:38:09,Sell Down,600.0,4580.0,0.0
TTF,09:38:09,Sell Down,200.0,4580.0,0.0
TTF,09:38:09,Sell Down,3000.0,4580.0,0.0
TTF,09:37:53,Sell Down,2000.0,4580.0,-10.0
TTF,09:37:45,Buy Up,100.0,4590.0,0.0
TTF,09:37:38,Buy Up,100.0,4590.0,0.0
TTF,09:37:30,Buy Up,1000.0,4590.0,0.0
TTF,09:37:22,Buy Up,100.0,4590.0,0.0
TTF,09:37:19,Buy Up,100.0,4590.0,0.0
TTF,09:37:17,Buy Up,200.0,4590.0,0.0
TTF,09:37:16,Sell Down,200.0,4590.0,0.0
TTF,09:37:16,Sell Down,200.0,4590.0,0.0
TTF,09:37:16,Sell Down,500.0,4590.0,0.0
TTF,09:37:16,Sell Down,1000.0,4590.0,0.0
TTF,09:37:16,Sell Down,5000.0,4590.0,0.0
TTF,09:37:16,Sell Down,4600.0,4590.0,0.0
TTF,09:36:49,Sell Down,400.0,4590.0,0.0
TTF,09:36:49,Sell Down,200.0,4590.0,0.0
TTF,09:36:49,Sell Down,100.0,4590.0,0.0
TTF,09:36:49,Sell Down,300.0,4590.0,-10.0
TTF,09:36:46,Sell Down,2000.0,4600.0,0.0
TTF,09:36:46,Sell Down,200.0,4600.0,0.0
TTF,09:36:46,Sell Down,500.0,4600.0,0.0
TTF,09:36:46,Sell Down,2300.0,4600.0,0.0
TTF,09:36:46,Sell Down,1000.0,4600.0,0.0
TTF,09:36:46,Sell Down,100.0,4600.0,0.0
TTF,09:36:46,Sell Down,700.0,4600.0,0.0
TTF,09:36:02,Buy Up,500.0,4600.0,0.0
TTF,09:36:02,Buy Up,3800.0,4600.0,0.0
TTF,09:35:59,Buy Up,900.0,4600.0,0.0
TTF,09:35:53,Sell Down,200.0,4600.0,0.0
TTF,09:35:53,Sell Down,100.0,4600.0,0.0
TTF,09:35:53,Sell Down,1000.0,4600.0,0.0
TTF,09:35:53,Sell Down,1000.0,4600.0,0.0
TTF,09:35:53,Sell Down,1000.0,4600.0,0.0
TTF,09:35:53,Sell Down,500.0,4600.0,0.0
TTF,09:35:53,Sell Down,100.0,4600.0,0.0
TTF,09:35:53,Sell Down,1000.0,4600.0,0.0
TTF,09:35:53,Sell Down,1000.0,4600.0,0.0
TTF,09:35:53,Sell Down,100.0,4600.0,0.0
TTF,09:35:53,Sell Down,100.0,4600.0,0.0
TTF,09:35:53,Sell Down,1000.0,4600.0,0.0
TTF,09:35:53,Sell Down,600.0,4600.0,0.0
TTF,09:35:53,Sell Down,100.0,4600.0,0.0
TTF,09:35:53,Sell Down,2200.0,4600.0,0.0
TTF,09:35:53,Sell Down,1000.0,4600.0,0.0
TTF,09:35:53,Sell Down,200.0,4600.0,0.0
TTF,09:35:53,Sell Down,500.0,4600.0,0.0
TTF,09:35:53,Sell Down,3000.0,4600.0,0.0
TTF,09:35:53,Sell Down,2000.0,4600.0,0.0
TTF,09:35:53,Sell Down,3000.0,4600.0,0.0
TTF,09:35:53,Sell Down,200.0,4600.0,0.0
TTF,09:35:53,Sell Down,2000.0,4600.0,0.0
TTF,09:35:53,Sell Down,100.0,4600.0,0.0
TTF,09:35:53,Sell Down,1000.0,4600.0,0.0
TTF,09:35:53,Sell Down,5000.0,4600.0,0.0
TTF,09:35:53,Sell Down,200.0,4600.0,0.0
TTF,09:35:53,Sell Down,4000.0,4600.0,0.0
TTF,09:35:53,Sell Down,300.0,4600.0,0.0
TTF,09:35:53,Sell Down,2800.0,4600.0,0.0
TTF,09:35:50,Sell Down,1000.0,4600.0,-10.0
TTF,09:35:47,Buy Up,100.0,4610.0,10.0
TTF,09:35:34,Sell Down,500.0,4600.0,-10.0
TTF,09:35:31,Buy Up,1000.0,4610.0,10.0
TTF,09:35:30,Sell Down,100.0,4600.0,-10.0
TTF,09:35:27,Buy Up,100.0,4610.0,10.0
TTF,09:35:15,Sell Down,600.0,4600.0,-10.0
TTF,09:35:11,Buy Up,200.0,4610.0,0.0
TTF,09:34:48,Sell Down,200.0,4610.0,0.0
TTF,09:34:48,Sell Down,300.0,4610.0,0.0
TTF,09:34:37,Sell Down,200.0,4610.0,0.0
TTF,09:34:36,Sell Down,4500.0,4610.0,0.0
TTF,09:34:36,Sell Down,1600.0,4610.0,0.0
TTF,09:34:35,Sell Down,2400.0,4610.0,0.0
TTF,09:34:35,Sell Down,300.0,4610.0,0.0
TTF,09:34:35,Sell Down,1800.0,4610.0,0.0
TTF,09:34:16,Sell Down,200.0,4610.0,0.0
TTF,09:34:16,Sell Down,600.0,4610.0,0.0
TTF,09:34:07,Sell Down,400.0,4610.0,0.0
TTF,09:34:07,Sell Down,100.0,4610.0,0.0
TTF,09:33:59,Sell Down,400.0,4610.0,0.0
TTF,09:33:59,Sell Down,200.0,4610.0,0.0
TTF,09:33:59,Sell Down,100.0,4610.0,0.0
TTF,09:33:59,Sell Down,300.0,4610.0,0.0
TTF,09:33:48,Sell Down,700.0,4610.0,0.0
TTF,09:33:48,Sell Down,100.0,4610.0,0.0
TTF,09:33:48,Sell Down,100.0,4610.0,0.0
TTF,09:33:34,Sell Down,100.0,4610.0,0.0
TTF,09:33:34,Sell Down,1000.0,4610.0,0.0
TTF,09:33:33,Sell Down,200.0,4610.0,0.0
TTF,09:33:33,Sell Down,300.0,4610.0,0.0
TTF,09:33:33,Sell Down,200.0,4610.0,0.0
TTF,09:33:33,Sell Down,200.0,4610.0,-10.0
TTF,09:33:11,Buy Up,1000.0,4620.0,0.0
TTF,09:32:18,Sell Down,2000.0,4620.0,0.0
TTF,09:32:18,Sell Down,1000.0,4620.0,0.0
TTF,09:32:18,Sell Down,500.0,4620.0,0.0
TTF,09:32:18,Sell Down,100.0,4620.0,0.0
TTF,09:32:18,Sell Down,100.0,4620.0,0.0
TTF,09:32:18,Sell Down,4500.0,4620.0,0.0
TTF,09:32:08,Sell Down,500.0,4620.0,0.0
TTF,09:32:08,Sell Down,600.0,4620.0,0.0
TTF,09:31:18,Sell Down,400.0,4620.0,0.0
TTF,09:31:18,Sell Down,1000.0,4620.0,0.0
TTF,09:31:18,Sell Down,600.0,4620.0,-10.0
TTF,09:30:52,Buy Up,100.0,4630.0,0.0
TTF,09:30:36,Buy Up,1900.0,4630.0,0.0
TTF,09:30:36,Buy Up,100.0,4630.0,0.0
TTF,09:30:21,Buy Up,100.0,4630.0,0.0
TTF,09:30:15,Sell Down,100.0,4630.0,0.0
TTF,09:30:13,Sell Down,1000.0,4630.0,0.0
TTF,09:29:43,Sell Down,500.0,4630.0,0.0
TTF,09:29:42,Buy Up,400.0,4630.0,0.0
TTF,09:29:30,Sell Down,1300.0,4630.0,0.0
TTF,09:29:14,Buy Up,600.0,4630.0,0.0
TTF,09:29:14,Buy Up,1000.0,4630.0,0.0
TTF,09:29:14,Buy Up,1000.0,4630.0,0.0
TTF,09:29:14,Buy Up,500.0,4630.0,0.0
TTF,09:29:14,Buy Up,100.0,4630.0,0.0
TTF,09:29:14,Buy Up,100.0,4630.0,0.0
TTF,09:29:14,Buy Up,1000.0,4630.0,0.0
TTF,09:29:14,Buy Up,400.0,4630.0,10.0
TTF,09:28:56,Sell Down,100.0,4620.0,0.0
TTF,09:28:27,Sell Down,200.0,4620.0,0.0
TTF,09:28:27,Sell Down,200.0,4620.0,0.0
TTF,09:28:23,Sell Down,200.0,4620.0,0.0
TTF,09:27:43,Sell Down,2000.0,4620.0,0.0
TTF,09:27:33,Sell Down,2000.0,4620.0,0.0
TTF,09:27:33,Sell Down,100.0,4620.0,0.0
TTF,09:27:33,Sell Down,1700.0,4620.0,0.0
TTF,09:27:33,Sell Down,200.0,4620.0,0.0
TTF,09:26:52,Sell Down,3000.0,4620.0,0.0
TTF,09:26:52,Sell Down,100.0,4620.0,0.0
TTF,09:26:52,Sell Down,6900.0,4620.0,0.0
TTF,09:26:25,Sell Down,200.0,4620.0,0.0
TTF,09:26:18,Sell Down,2800.0,4620.0,0.0
TTF,09:25:48,Sell Down,2000.0,4620.0,0.0
TTF,09:25:35,Sell Down,100.0,4620.0,0.0
TTF,09:25:30,Sell Down,200.0,4620.0,0.0
TTF,09:25:19,Sell Down,1000.0,4620.0,0.0
TTF,09:25:08,Sell Down,500.0,4620.0,0.0
TTF,09:24:42,Sell Down,1800.0,4620.0,0.0
TTF,09:24:21,Sell Down,200.0,4620.0,0.0
TTF,09:24:18,Sell Down,100.0,4620.0,0.0
TTF,09:23:59,Sell Down,1000.0,4620.0,0.0
TTF,09:23:59,Sell Down,1000.0,4620.0,0.0
TTF,09:23:51,Sell Down,6000.0,4620.0,0.0
TTF,09:23:49,Sell Down,800.0,4620.0,0.0
TTF,09:23:43,Sell Down,7500.0,4620.0,0.0
TTF,09:23:38,Sell Down,7000.0,4620.0,0.0
TTF,09:23:34,Sell Down,200.0,4620.0,0.0
TTF,09:23:34,Sell Down,900.0,4620.0,0.0
TTF,09:23:34,Sell Down,900.0,4620.0,0.0
TTF,09:23:27,Sell Down,600.0,4620.0,0.0
TTF,09:23:18,Sell Down,500.0,4620.0,-10.0
TTF,09:23:07,Sell Down,1000.0,4630.0,0.0
TTF,09:23:07,Sell Down,5000.0,4630.0,0.0
TTF,09:23:07,Sell Down,100.0,4630.0,0.0
TTF,09:23:07,Sell Down,300.0,4630.0,0.0
TTF,09:23:07,Sell Down,4000.0,4630.0,0.0
TTF,09:23:07,Sell Down,100.0,4630.0,0.0
TTF,09:23:07,Sell Down,5000.0,4630.0,-10.0
TTF,09:21:53,Buy Up,800.0,4640.0,0.0
TTF,09:21:28,Sell Down,1000.0,4640.0,0.0
TTF,09:21:28,Sell Down,2000.0,4640.0,0.0
TTF,09:21:28,Sell Down,5000.0,4640.0,0.0
TTF,09:21:28,Sell Down,100.0,4640.0,0.0
TTF,09:21:28,Sell Down,200.0,4640.0,0.0
TTF,09:21:28,Sell Down,100.0,4640.0,0.0
TTF,09:21:28,Sell Down,100.0,4640.0,-10.0
TTF,09:20:56,Buy Up,500.0,4650.0,0.0
TTF,09:20:24,Buy Up,1000.0,4650.0,0.0
TTF,09:20:20,Sell Down,100.0,4650.0,0.0
TTF,09:20:20,Sell Down,300.0,4650.0,0.0
TTF,09:20:01,Sell Down,100.0,4650.0,0.0
TTF,09:19:46,Buy Up,100.0,4650.0,0.0
TTF,09:19:46,Buy Up,900.0,4650.0,0.0
TTF,09:19:27,Sell Down,5000.0,4650.0,0.0
TTF,09:19:27,Sell Down,1000.0,4650.0,0.0
TTF,09:19:27,Sell Down,1600.0,4650.0,-10.0
TTF,09:19:24,Buy Up,7300.0,4660.0,0.0
TTF,09:19:24,Buy Up,2700.0,4660.0,10.0
TTF,09:19:05,Sell Down,4400.0,4650.0,0.0
TTF,09:19:05,Sell Down,200.0,4650.0,0.0
TTF,09:19:05,Sell Down,200.0,4650.0,0.0
TTF,09:19:05,Sell Down,500.0,4650.0,0.0
TTF,09:19:05,Sell Down,1000.0,4650.0,0.0
TTF,09:19:05,Sell Down,2000.0,4650.0,0.0
TTF,09:19:05,Sell Down,1700.0,4650.0,0.0
TTF,09:18:52,Sell Down,1600.0,4650.0,-10.0
TTF,09:18:42,Buy Up,300.0,4660.0,0.0
TTF,09:18:34,Buy Up,400.0,4660.0,0.0
TTF,09:18:29,Buy Up,6600.0,4660.0,0.0
TTF,09:18:29,Buy Up,4600.0,4660.0,0.0
TTF,09:18:26,Buy Up,100.0,4660.0,10.0
TTF,09:18:26,Sell Down,500.0,4650.0,-10.0
TTF,09:18:19,Buy Up,1000.0,4660.0,0.0
TTF,09:18:09,Buy Up,700.0,4660.0,0.0
TTF,09:18:00,Sell Down,600.0,4660.0,0.0
TTF,09:18:00,Sell Down,2000.0,4660.0,0.0
TTF,09:18:00,Sell Down,200.0,4660.0,0.0
TTF,09:18:00,Sell Down,400.0,4660.0,0.0
TTF,09:18:00,Sell Down,400.0,4660.0,0.0
TTF,09:17:18,Sell Down,100.0,4660.0,0.0
TTF,09:16:52,Sell Down,100.0,4660.0,-20.0
TTF,09:16:47,Buy Up,2000.0,4680.0,0.0
TTF,09:16:47,Buy Up,5000.0,4680.0,0.0
TTF,09:16:47,Buy Up,4000.0,4680.0,30.0
TTF,09:15:23,Sell Down,5000.0,4650.0,-10.0
TTF,09:15:02,Sell Down,100.0,4660.0,10.0
TTF,09:15:02,,44700.0,4650.0,0.0
