ticker,time,orderType,volume,price,prevPriceChange
CEO,10:43:33,Sell Down,500,22800.0,-100.0
CEO,10:43:17,Buy Up,200,22900.0,0.0
CEO,10:43:13,Buy Up,100,22900.0,0.0
CEO,10:43:07,Buy Up,300,22900.0,0.0
CEO,10:43:03,Buy Up,100,22900.0,0.0
CEO,10:42:51,Buy Up,500,22900.0,0.0
CEO,10:42:49,Buy Up,400,22900.0,0.0
CEO,10:42:34,Buy Up,800,22900.0,0.0
CEO,10:42:23,Buy Up,200,22900.0,0.0
CEO,10:42:22,Buy Up,300,22900.0,100.0
CEO,10:42:08,Sell Down,6000,22800.0,-100.0
CEO,10:42:04,Buy Up,100,22900.0,0.0
CEO,10:41:59,Buy Up,2000,22900.0,0.0
CEO,10:41:57,Buy Up,200,22900.0,0.0
CEO,10:41:44,Buy Up,13400,22900.0,0.0
CEO,10:41:38,Buy Up,700,22900.0,0.0
CEO,10:41:33,Buy Up,100,22900.0,0.0
CEO,10:41:27,Buy Up,300,22900.0,0.0
CEO,10:41:26,Buy Up,6500,22900.0,0.0
CEO,10:41:21,Buy Up,100,22900.0,0.0
CEO,10:41:15,Buy Up,500,22900.0,0.0
CEO,10:41:14,Buy Up,1000,22900.0,0.0
CEO,10:41:04,Buy Up,5000,22900.0,0.0
CEO,10:40:58,Buy Up,2300,22900.0,0.0
CEO,10:40:54,Buy Up,100,22900.0,0.0
CEO,10:40:46,Buy Up,1000,22900.0,0.0
CEO,10:40:45,Buy Up,300,22900.0,0.0
CEO,10:40:43,Buy Up,500,22900.0,0.0
CEO,10:40:42,Buy Up,5000,22900.0,0.0
CEO,10:40:39,Buy Up,6300,22900.0,0.0
CEO,10:40:38,Buy Up,700,22900.0,0.0
CEO,10:40:34,Buy Up,17600,22900.0,0.0
CEO,10:40:20,Buy Up,15000,22900.0,0.0
CEO,10:40:16,Buy Up,500,22900.0,0.0
CEO,10:40:10,Buy Up,100,22900.0,0.0
CEO,10:40:01,Buy Up,100,22900.0,0.0
CEO,10:39:59,Buy Up,100,22900.0,0.0
CEO,10:39:58,Buy Up,2000,22900.0,0.0
CEO,10:39:47,Buy Up,300,22900.0,0.0
CEO,10:39:44,Buy Up,2500,22900.0,0.0
CEO,10:39:40,Buy Up,1000,22900.0,0.0
CEO,10:39:39,Buy Up,5000,22900.0,0.0
CEO,10:39:38,Buy Up,2600,22900.0,0.0
CEO,10:39:30,Buy Up,500,22900.0,0.0
CEO,10:39:27,Buy Up,1500,22900.0,0.0
CEO,10:39:26,Buy Up,1000,22900.0,0.0
CEO,10:39:22,Buy Up,4000,22900.0,0.0
CEO,10:39:21,Buy Up,5300,22900.0,0.0
CEO,10:39:17,Buy Up,1400,22900.0,0.0
CEO,10:39:13,Buy Up,2000,22900.0,0.0
CEO,10:39:12,Buy Up,100,22900.0,0.0
CEO,10:39:04,Buy Up,500,22900.0,0.0
CEO,10:38:57,Buy Up,300,22900.0,100.0
CEO,10:38:56,Sell Down,500000,22800.0,-100.0
CEO,10:38:50,Buy Up,18400,22900.0,0.0
CEO,10:38:42,Sell Down,5100,22900.0,0.0
CEO,10:38:26,Sell Down,1000,22900.0,0.0
CEO,10:38:23,Sell Down,1000,22900.0,0.0
CEO,10:38:21,Sell Down,200,22900.0,0.0
CEO,10:38:20,Sell Down,10100,22900.0,0.0
CEO,10:38:16,Sell Down,2000,22900.0,0.0
CEO,10:38:15,Sell Down,300,22900.0,0.0
CEO,10:38:13,Buy Up,3600,22900.0,0.0
CEO,10:38:12,Buy Up,5000,22900.0,0.0
CEO,10:38:08,Buy Up,5000,22900.0,0.0
CEO,10:38:04,Buy Up,1200,22900.0,0.0
CEO,10:38:00,Sell Down,800,22900.0,0.0
CEO,10:37:54,Sell Down,500,22900.0,0.0
CEO,10:37:49,Sell Down,7800,22900.0,0.0
CEO,10:37:45,Buy Up,11800,22900.0,0.0
CEO,10:37:43,Sell Down,400,22900.0,0.0
CEO,10:37:41,Sell Down,2000,22900.0,0.0
CEO,10:37:38,Sell Down,1000,22900.0,-100.0
CEO,10:37:37,Buy Up,3000,23000.0,100.0
CEO,10:37:36,Sell Down,25000,22900.0,-100.0
CEO,10:37:35,Buy Up,600,23000.0,100.0
CEO,10:37:32,Sell Down,1000,22900.0,0.0
CEO,10:37:22,Sell Down,400,22900.0,0.0
CEO,10:37:19,Sell Down,4400,22900.0,0.0
CEO,10:37:15,Sell Down,5000,22900.0,0.0
CEO,10:37:12,Sell Down,300,22900.0,0.0
CEO,10:37:06,Sell Down,1000,22900.0,0.0
CEO,10:37:05,Sell Down,100,22900.0,0.0
CEO,10:36:39,Sell Down,2000,22900.0,0.0
CEO,10:36:38,Buy Up,700,22900.0,0.0
CEO,10:36:37,Buy Up,1500,22900.0,0.0
CEO,10:36:33,Buy Up,10500,22900.0,0.0
CEO,10:36:32,Buy Up,4500,22900.0,0.0
CEO,10:36:31,Buy Up,4500,22900.0,0.0
CEO,10:36:30,Buy Up,10500,22900.0,0.0
CEO,10:36:29,Buy Up,1000,22900.0,0.0
CEO,10:36:28,Buy Up,2500,22900.0,0.0
CEO,10:36:26,Buy Up,1000,22900.0,0.0
CEO,10:36:24,Buy Up,7000,22900.0,0.0
CEO,10:36:23,Buy Up,500,22900.0,0.0
CEO,10:36:22,Buy Up,30000,22900.0,0.0
CEO,10:36:19,Buy Up,34600,22900.0,0.0
CEO,10:36:16,Buy Up,3500,22900.0,0.0
CEO,10:36:14,Buy Up,150500,22900.0,0.0
CEO,10:36:11,Buy Up,4500,22900.0,0.0
CEO,10:36:06,Buy Up,1200,22900.0,0.0
CEO,10:36:01,Buy Up,1400,22900.0,0.0
CEO,10:35:59,Buy Up,10000,22900.0,0.0
CEO,10:35:57,Buy Up,2000,22900.0,0.0
CEO,10:35:54,Buy Up,3000,22900.0,0.0
CEO,10:35:53,Buy Up,200,22900.0,0.0
CEO,10:35:49,Buy Up,1000,22900.0,0.0
CEO,10:35:47,Buy Up,10000,22900.0,0.0
CEO,10:35:45,Buy Up,8300,22900.0,0.0
CEO,10:35:43,Buy Up,15000,22900.0,0.0
CEO,10:35:42,Buy Up,3900,22900.0,0.0
CEO,10:35:41,Buy Up,8200,22900.0,0.0
CEO,10:35:39,Buy Up,1900,22900.0,0.0
CEO,10:35:37,Buy Up,11200,22900.0,0.0
CEO,10:35:34,Buy Up,2500,22900.0,0.0
CEO,10:35:30,Buy Up,23000,22900.0,0.0
CEO,10:35:24,Buy Up,10000,22900.0,0.0
CEO,10:35:21,Buy Up,5000,22900.0,0.0
CEO,10:35:20,Buy Up,800,22900.0,0.0
CEO,10:35:18,Buy Up,900,22900.0,0.0
CEO,10:35:15,Buy Up,900,22900.0,0.0
CEO,10:35:11,Buy Up,99000,22900.0,0.0
CEO,10:35:09,Buy Up,2000,22900.0,0.0
CEO,10:35:02,Buy Up,10000,22900.0,100.0
CEO,10:35:01,Sell Down,10000,22800.0,-100.0
CEO,10:34:56,Buy Up,24000,22900.0,100.0
CEO,10:34:54,Sell Down,200,22800.0,0.0
CEO,10:34:48,Sell Down,4000,22800.0,-100.0
CEO,10:34:46,Buy Up,22700,22900.0,100.0
CEO,10:34:45,Sell Down,2500,22800.0,-100.0
CEO,10:34:37,Buy Up,2000,22900.0,0.0
CEO,10:34:27,Buy Up,2500,22900.0,0.0
CEO,10:34:23,Buy Up,500,22900.0,0.0
CEO,10:34:11,Buy Up,2300,22900.0,0.0
CEO,10:33:59,Buy Up,2500,22900.0,100.0
CEO,10:33:56,Sell Down,4200,22800.0,-100.0
CEO,10:33:34,Buy Up,200,22900.0,0.0
CEO,10:33:24,Buy Up,1000,22900.0,0.0
CEO,10:33:12,Buy Up,500,22900.0,0.0
CEO,10:33:07,Buy Up,200,22900.0,0.0
CEO,10:32:57,Buy Up,6000,22900.0,0.0
CEO,10:32:55,Buy Up,600,22900.0,0.0
CEO,10:32:53,Buy Up,2200,22900.0,0.0
CEO,10:32:49,Buy Up,6700,22900.0,0.0
CEO,10:32:46,Buy Up,1900,22900.0,0.0
CEO,10:32:45,Buy Up,100,22900.0,0.0
CEO,10:32:43,Buy Up,400,22900.0,0.0
CEO,10:32:36,Buy Up,500,22900.0,0.0
CEO,10:32:22,Buy Up,7000,22900.0,0.0
CEO,10:32:19,Buy Up,600,22900.0,0.0
CEO,10:32:15,Buy Up,200,22900.0,0.0
CEO,10:32:11,Buy Up,100,22900.0,0.0
CEO,10:32:09,Buy Up,500,22900.0,100.0
CEO,10:32:01,Sell Down,400,22800.0,0.0
CEO,10:31:58,Sell Down,100,22800.0,-100.0
CEO,10:31:39,Buy Up,4000,22900.0,0.0
CEO,10:31:33,Buy Up,1500,22900.0,100.0
CEO,10:31:32,Sell Down,200,22800.0,-100.0
CEO,10:31:29,Buy Up,10000,22900.0,0.0
CEO,10:31:28,Buy Up,5000,22900.0,0.0
CEO,10:31:11,Buy Up,200,22900.0,0.0
CEO,10:31:10,Buy Up,100,22900.0,0.0
CEO,10:31:00,Buy Up,20000,22900.0,0.0
CEO,10:30:42,Buy Up,500,22900.0,100.0
CEO,10:30:34,Sell Down,500,22800.0,-100.0
CEO,10:30:19,Buy Up,2100,22900.0,100.0
CEO,10:29:58,Sell Down,100,22800.0,-100.0
CEO,10:29:50,Buy Up,4000,22900.0,0.0
CEO,10:29:44,Buy Up,1000,22900.0,0.0
CEO,10:29:37,Buy Up,100,22900.0,0.0
CEO,10:29:18,Buy Up,8000,22900.0,0.0
CEO,10:29:03,Buy Up,5000,22900.0,0.0
CEO,10:29:01,Buy Up,900,22900.0,0.0
CEO,10:29:00,Buy Up,1000,22900.0,0.0
CEO,10:28:53,Buy Up,1000,22900.0,100.0
CEO,10:28:43,Sell Down,200,22800.0,0.0
CEO,10:28:38,Sell Down,16400,22800.0,-100.0
CEO,10:28:36,Buy Up,1500,22900.0,0.0
CEO,10:28:30,Buy Up,10500,22900.0,0.0
CEO,10:28:12,Buy Up,200,22900.0,0.0
CEO,10:28:02,Buy Up,500,22900.0,0.0
CEO,10:27:57,Buy Up,100,22900.0,0.0
CEO,10:27:42,Buy Up,1000,22900.0,100.0
CEO,10:27:35,Sell Down,300,22800.0,0.0
CEO,10:27:28,Sell Down,100,22800.0,-100.0
CEO,10:27:03,Buy Up,300,22900.0,100.0
CEO,10:26:56,Sell Down,1100,22800.0,-100.0
CEO,10:26:46,Buy Up,1000,22900.0,0.0
CEO,10:26:44,Buy Up,1000,22900.0,100.0
CEO,10:26:33,Sell Down,500,22800.0,-100.0
CEO,10:26:12,Buy Up,1000,22900.0,0.0
CEO,10:26:06,Buy Up,100,22900.0,0.0
CEO,10:25:33,Buy Up,600,22900.0,100.0
CEO,10:25:25,Sell Down,600,22800.0,-100.0
CEO,10:25:24,Buy Up,1000,22900.0,0.0
CEO,10:25:22,Buy Up,200,22900.0,0.0
CEO,10:24:52,Buy Up,500,22900.0,0.0
CEO,10:24:51,Buy Up,1000,22900.0,0.0
CEO,10:24:45,Buy Up,2400,22900.0,100.0
CEO,10:24:42,Sell Down,100,22800.0,-100.0
CEO,10:24:37,Buy Up,1100,22900.0,0.0
CEO,10:24:28,Buy Up,50000,22900.0,100.0
CEO,10:24:17,Sell Down,500,22800.0,0.0
CEO,10:23:25,Sell Down,500,22800.0,0.0
CEO,10:22:45,Sell Down,100,22800.0,-100.0
CEO,10:22:39,Buy Up,400,22900.0,0.0
CEO,10:22:36,Buy Up,100,22900.0,0.0
CEO,10:22:17,Buy Up,100,22900.0,0.0
CEO,10:22:07,Buy Up,1300,22900.0,0.0
CEO,10:22:04,Buy Up,4600,22900.0,0.0
CEO,10:22:03,Buy Up,900,22900.0,0.0
CEO,10:21:59,Buy Up,500,22900.0,0.0
CEO,10:21:52,Buy Up,12000,22900.0,0.0
CEO,10:21:50,Buy Up,500,22900.0,0.0
CEO,10:21:37,Buy Up,600,22900.0,0.0
CEO,10:21:36,Buy Up,1000,22900.0,0.0
CEO,10:21:24,Buy Up,2900,22900.0,0.0
CEO,10:21:20,Buy Up,300,22900.0,0.0
CEO,10:21:19,Buy Up,1000,22900.0,0.0
CEO,10:21:18,Buy Up,5000,22900.0,0.0
CEO,10:21:16,Buy Up,3000,22900.0,100.0
CEO,10:21:08,Sell Down,100,22800.0,-100.0
CEO,10:21:05,Buy Up,500,22900.0,0.0
CEO,10:20:56,Buy Up,10400,22900.0,0.0
CEO,10:20:54,Buy Up,5000,22900.0,0.0
CEO,10:20:44,Buy Up,100,22900.0,0.0
CEO,10:20:36,Buy Up,400,22900.0,0.0
CEO,10:20:28,Buy Up,1100,22900.0,0.0
CEO,10:20:27,Buy Up,100,22900.0,0.0
CEO,10:20:25,Buy Up,2000,22900.0,0.0
CEO,10:20:21,Buy Up,2000,22900.0,0.0
CEO,10:20:07,Buy Up,700,22900.0,0.0
CEO,10:19:48,Buy Up,5000,22900.0,0.0
CEO,10:19:43,Buy Up,1000,22900.0,100.0
CEO,10:19:15,Sell Down,3000,22800.0,-100.0
CEO,10:19:08,Buy Up,500,22900.0,100.0
CEO,10:19:06,Sell Down,200,22800.0,-100.0
CEO,10:19:03,Buy Up,5000,22900.0,100.0
CEO,10:18:55,Sell Down,4000,22800.0,-100.0
CEO,10:18:42,Buy Up,300,22900.0,0.0
CEO,10:18:37,Buy Up,1000,22900.0,0.0
CEO,10:18:12,Buy Up,5000,22900.0,0.0
CEO,10:18:05,Buy Up,2000,22900.0,100.0
CEO,10:17:54,Sell Down,2000,22800.0,0.0
CEO,10:17:26,Sell Down,500,22800.0,0.0
CEO,10:17:20,Sell Down,100,22800.0,-100.0
CEO,10:17:15,Buy Up,7000,22900.0,100.0
CEO,10:17:14,Sell Down,200,22800.0,-100.0
CEO,10:17:12,Buy Up,3000,22900.0,100.0
CEO,10:17:11,Sell Down,1000,22800.0,0.0
CEO,10:17:03,Sell Down,500,22800.0,0.0
CEO,10:16:52,Sell Down,30000,22800.0,0.0
CEO,10:16:51,Sell Down,500,22800.0,0.0
CEO,10:15:57,Sell Down,500,22800.0,-100.0
CEO,10:15:56,Buy Up,100,22900.0,0.0
CEO,10:15:45,Buy Up,100,22900.0,0.0
CEO,10:15:40,Buy Up,3000,22900.0,0.0
CEO,10:15:30,Buy Up,1000,22900.0,0.0
CEO,10:15:20,Buy Up,7000,22900.0,0.0
CEO,10:15:17,Buy Up,2000,22900.0,0.0
CEO,10:15:13,Buy Up,500,22900.0,0.0
CEO,10:15:09,Buy Up,200,22900.0,0.0
CEO,10:15:07,Buy Up,300,22900.0,0.0
CEO,10:14:57,Buy Up,1000,22900.0,0.0
CEO,10:14:47,Buy Up,3000,22900.0,0.0
CEO,10:14:42,Buy Up,1000,22900.0,0.0
CEO,10:14:38,Buy Up,1000,22900.0,0.0
CEO,10:14:37,Buy Up,500,22900.0,0.0
CEO,10:14:16,Buy Up,500,22900.0,0.0
CEO,10:14:03,Buy Up,1000,22900.0,0.0
CEO,10:13:59,Buy Up,2000,22900.0,0.0
CEO,10:13:58,Buy Up,1000,22900.0,0.0
CEO,10:13:54,Buy Up,1000,22900.0,0.0
CEO,10:13:44,Buy Up,100,22900.0,0.0
CEO,10:13:34,Buy Up,200,22900.0,0.0
CEO,10:13:15,Buy Up,2000,22900.0,0.0
CEO,10:13:09,Buy Up,25000,22900.0,100.0
CEO,10:12:32,Sell Down,1000,22800.0,0.0
CEO,10:12:23,Sell Down,800,22800.0,-100.0
CEO,10:12:20,Buy Up,5000,22900.0,0.0
CEO,10:12:19,Buy Up,400,22900.0,0.0
CEO,10:12:18,Buy Up,700,22900.0,0.0
CEO,10:12:17,Buy Up,2000,22900.0,0.0
CEO,10:12:10,Buy Up,500,22900.0,0.0
CEO,10:12:06,Buy Up,400,22900.0,0.0
CEO,10:12:05,Buy Up,8000,22900.0,100.0
CEO,10:11:59,Sell Down,1000,22800.0,0.0
CEO,10:11:54,Sell Down,200,22800.0,-100.0
CEO,10:11:49,Buy Up,100,22900.0,100.0
CEO,10:11:44,Sell Down,1000,22800.0,-100.0
CEO,10:11:39,Buy Up,1000,22900.0,0.0
CEO,10:11:27,Buy Up,3500,22900.0,0.0
CEO,10:11:24,Buy Up,10000,22900.0,0.0
CEO,10:11:19,Buy Up,10000,22900.0,0.0
CEO,10:11:11,Buy Up,1000,22900.0,0.0
CEO,10:11:06,Buy Up,200,22900.0,100.0
CEO,10:11:00,Sell Down,500,22800.0,0.0
CEO,10:10:57,Sell Down,100,22800.0,-100.0
CEO,10:10:42,Buy Up,3300,22900.0,0.0
CEO,10:10:41,Buy Up,300,22900.0,0.0
CEO,10:10:18,Buy Up,3500,22900.0,0.0
CEO,10:10:15,Buy Up,6000,22900.0,0.0
CEO,10:10:14,Sell Down,49000,22900.0,0.0
CEO,10:10:12,Sell Down,9300,22900.0,0.0
CEO,10:10:11,Sell Down,800,22900.0,0.0
CEO,10:10:10,Sell Down,14600,22900.0,0.0
CEO,10:10:09,Sell Down,5000,22900.0,0.0
CEO,10:10:08,Sell Down,39100,22900.0,0.0
CEO,10:10:07,Sell Down,6000,22900.0,0.0
CEO,10:10:06,Sell Down,300,22900.0,0.0
CEO,10:10:05,Sell Down,5300,22900.0,0.0
CEO,10:10:04,Sell Down,1000,22900.0,0.0
CEO,10:10:03,Sell Down,100000,22900.0,0.0
CEO,10:10:02,Sell Down,191200,22900.0,0.0
CEO,10:09:58,Sell Down,21000,22900.0,0.0
CEO,10:09:57,Sell Down,5000,22900.0,0.0
CEO,10:09:55,Sell Down,500,22900.0,0.0
CEO,10:09:54,Sell Down,500,22900.0,0.0
CEO,10:09:52,Sell Down,10100,22900.0,0.0
CEO,10:09:50,Sell Down,500,22900.0,0.0
CEO,10:09:48,Sell Down,3000,22900.0,0.0
CEO,10:09:47,Sell Down,15000,22900.0,0.0
CEO,10:09:46,Sell Down,100,22900.0,0.0
CEO,10:09:45,Sell Down,500,22900.0,0.0
CEO,10:09:44,Sell Down,100,22900.0,0.0
CEO,10:09:42,Sell Down,4000,22900.0,0.0
CEO,10:09:38,Sell Down,10000,22900.0,0.0
CEO,10:09:37,Sell Down,100,22900.0,0.0
CEO,10:09:30,Sell Down,20000,22900.0,0.0
CEO,10:09:22,Sell Down,1100,22900.0,-100.0
CEO,10:09:20,Buy Up,15000,23000.0,100.0
CEO,10:09:18,Sell Down,30000,22900.0,-100.0
CEO,10:09:09,Buy Up,100,23000.0,100.0
CEO,10:09:06,Sell Down,300,22900.0,0.0
CEO,10:09:01,Sell Down,10100,22900.0,0.0
CEO,10:08:59,Sell Down,5000,22900.0,0.0
CEO,10:08:58,Sell Down,1000,22900.0,0.0
CEO,10:08:55,Sell Down,1300,22900.0,0.0
CEO,10:08:44,Sell Down,1300,22900.0,-100.0
CEO,10:08:37,Buy Up,400,23000.0,100.0
CEO,10:08:29,Sell Down,10000,22900.0,0.0
CEO,10:08:24,Sell Down,500,22900.0,0.0
CEO,10:08:02,Sell Down,400,22900.0,0.0
CEO,10:07:59,Sell Down,2000,22900.0,0.0
CEO,10:07:42,Sell Down,3800,22900.0,0.0
CEO,10:07:17,Sell Down,700,22900.0,0.0
CEO,10:07:06,Sell Down,500,22900.0,0.0
CEO,10:07:04,Sell Down,1100,22900.0,-100.0
CEO,10:06:57,Buy Up,10000,23000.0,100.0
CEO,10:06:56,Sell Down,1500,22900.0,0.0
CEO,10:06:55,Sell Down,5000,22900.0,0.0
CEO,10:06:51,Sell Down,200,22900.0,0.0
CEO,10:06:50,Sell Down,4000,22900.0,0.0
CEO,10:06:48,Sell Down,500,22900.0,0.0
CEO,10:06:43,Sell Down,800,22900.0,0.0
CEO,10:06:39,Sell Down,2500,22900.0,-100.0
CEO,10:06:36,Buy Up,4500,23000.0,100.0
CEO,10:06:31,Sell Down,300,22900.0,0.0
CEO,10:06:29,Sell Down,700,22900.0,0.0
CEO,10:06:24,Sell Down,300,22900.0,0.0
CEO,10:06:20,Sell Down,400,22900.0,0.0
CEO,10:06:09,Sell Down,500,22900.0,0.0
CEO,10:06:08,Sell Down,2000,22900.0,0.0
CEO,10:06:06,Sell Down,5000,22900.0,0.0
CEO,10:06:05,Sell Down,200,22900.0,0.0
CEO,10:05:45,Sell Down,700,22900.0,0.0
CEO,10:05:38,Sell Down,500,22900.0,0.0
CEO,10:05:35,Sell Down,1900,22900.0,0.0
CEO,10:05:25,Sell Down,100,22900.0,-100.0
CEO,10:05:24,Buy Up,300,23000.0,100.0
CEO,10:05:23,Sell Down,200,22900.0,0.0
CEO,10:05:15,Sell Down,1500,22900.0,-100.0
CEO,10:05:10,Buy Up,800,23000.0,100.0
CEO,10:05:08,Sell Down,300,22900.0,0.0
CEO,10:05:01,Sell Down,400,22900.0,-100.0
CEO,10:05:00,Buy Up,5000,23000.0,0.0
CEO,10:04:48,Buy Up,1000,23000.0,100.0
CEO,10:04:44,Sell Down,100,22900.0,0.0
CEO,10:04:43,Sell Down,1900,22900.0,0.0
CEO,10:04:34,Sell Down,10000,22900.0,0.0
CEO,10:04:23,Sell Down,200,22900.0,-100.0
CEO,10:04:16,Buy Up,200,23000.0,0.0
CEO,10:04:14,Buy Up,3000,23000.0,0.0
CEO,10:04:08,Buy Up,500,23000.0,100.0
CEO,10:04:06,Sell Down,200,22900.0,-100.0
CEO,10:04:00,Buy Up,2000,23000.0,100.0
CEO,10:03:53,Sell Down,200,22900.0,0.0
CEO,10:03:46,Sell Down,900,22900.0,0.0
CEO,10:03:44,Sell Down,200,22900.0,-100.0
CEO,10:03:36,Buy Up,3500,23000.0,0.0
CEO,10:03:30,Buy Up,300,23000.0,100.0
CEO,10:03:28,Sell Down,400,22900.0,-100.0
CEO,10:03:16,Buy Up,800,23000.0,0.0
CEO,10:03:02,Buy Up,10000,23000.0,0.0
CEO,10:03:01,Buy Up,100,23000.0,100.0
CEO,10:02:58,Sell Down,100,22900.0,0.0
CEO,10:02:51,Sell Down,200,22900.0,-100.0
CEO,10:02:50,Buy Up,100,23000.0,100.0
CEO,10:02:46,Sell Down,1000,22900.0,0.0
CEO,10:02:42,Sell Down,100,22900.0,0.0
CEO,10:02:41,Sell Down,100,22900.0,0.0
CEO,10:02:26,Sell Down,500,22900.0,-100.0
CEO,10:02:23,Buy Up,700,23000.0,100.0
CEO,10:02:09,Sell Down,1500,22900.0,-100.0
CEO,10:02:01,Buy Up,5500,23000.0,0.0
CEO,10:01:55,Buy Up,12600,23000.0,0.0
CEO,10:01:52,Buy Up,100,23000.0,0.0
CEO,10:01:47,Buy Up,100,23000.0,0.0
CEO,10:01:40,Buy Up,200,23000.0,0.0
CEO,10:01:38,Buy Up,1000,23000.0,0.0
CEO,10:01:19,Buy Up,300,23000.0,0.0
CEO,10:01:18,Buy Up,1000,23000.0,0.0
CEO,10:01:09,Buy Up,200,23000.0,0.0
CEO,10:01:07,Buy Up,5000,23000.0,100.0
CEO,10:01:03,Sell Down,300,22900.0,-100.0
CEO,10:01:02,Buy Up,2000,23000.0,100.0
CEO,10:01:01,Sell Down,200,22900.0,-100.0
CEO,10:00:52,Buy Up,1000,23000.0,100.0
CEO,10:00:49,Sell Down,25100,22900.0,-100.0
CEO,10:00:48,Buy Up,300,23000.0,0.0
CEO,10:00:46,Buy Up,27000,23000.0,100.0
CEO,10:00:44,Sell Down,3000,22900.0,-100.0
CEO,10:00:42,Buy Up,11000,23000.0,0.0
CEO,10:00:36,Buy Up,3400,23000.0,100.0
CEO,10:00:34,Sell Down,2600,22900.0,0.0
CEO,10:00:31,Sell Down,1000,22900.0,0.0
CEO,10:00:29,Sell Down,500,22900.0,-100.0
CEO,10:00:27,Buy Up,1000,23000.0,0.0
CEO,10:00:15,Buy Up,1000,23000.0,100.0
CEO,10:00:10,Sell Down,1000,22900.0,-100.0
CEO,10:00:07,Buy Up,3000,23000.0,0.0
CEO,09:59:57,Buy Up,4800,23000.0,100.0
CEO,09:59:52,Sell Down,500,22900.0,-100.0
CEO,09:59:47,Buy Up,2200,23000.0,100.0
CEO,09:59:44,Sell Down,500,22900.0,0.0
CEO,09:59:43,Sell Down,10000,22900.0,0.0
CEO,09:59:39,Sell Down,15000,22900.0,-100.0
CEO,09:59:36,Buy Up,700,23000.0,100.0
CEO,09:59:30,Sell Down,100,22900.0,-100.0
CEO,09:59:29,Buy Up,500,23000.0,100.0
CEO,09:59:25,Sell Down,3000,22900.0,-100.0
CEO,09:59:24,Buy Up,200,23000.0,100.0
CEO,09:59:08,Sell Down,200,22900.0,-100.0
CEO,09:59:06,Buy Up,2000,23000.0,100.0
CEO,09:58:53,Sell Down,1500,22900.0,-100.0
CEO,09:58:44,Buy Up,500,23000.0,100.0
CEO,09:58:42,Sell Down,200,22900.0,0.0
CEO,09:58:41,Sell Down,200,22900.0,0.0
CEO,09:58:39,Sell Down,500,22900.0,-100.0
CEO,09:58:33,Buy Up,3000,23000.0,100.0
CEO,09:58:30,Sell Down,3000,22900.0,0.0
CEO,09:58:29,Sell Down,2000,22900.0,0.0
CEO,09:58:28,Sell Down,500,22900.0,-100.0
CEO,09:58:26,Buy Up,200,23000.0,0.0
CEO,09:58:20,Buy Up,12000,23000.0,0.0
CEO,09:58:14,Buy Up,1000,23000.0,0.0
CEO,09:58:07,Buy Up,100,23000.0,0.0
CEO,09:58:01,Buy Up,1000,23000.0,0.0
CEO,09:58:00,Buy Up,500,23000.0,0.0
CEO,09:57:57,Buy Up,1000,23000.0,100.0
CEO,09:57:56,Sell Down,1000,22900.0,-100.0
CEO,09:57:40,Buy Up,100,23000.0,100.0
CEO,09:57:38,Sell Down,1100,22900.0,0.0
CEO,09:57:37,Sell Down,300,22900.0,-100.0
CEO,09:57:33,Buy Up,3000,23000.0,0.0
CEO,09:57:28,Buy Up,4000,23000.0,0.0
CEO,09:57:27,Buy Up,5000,23000.0,0.0
CEO,09:57:19,Buy Up,500,23000.0,0.0
CEO,09:57:18,Buy Up,2500,23000.0,100.0
CEO,09:57:17,Sell Down,1000,22900.0,0.0
CEO,09:57:16,Sell Down,400,22900.0,-100.0
CEO,09:57:15,Buy Up,4500,23000.0,0.0
CEO,09:57:04,Buy Up,700,23000.0,0.0
CEO,09:57:02,Buy Up,500,23000.0,0.0
CEO,09:56:54,Buy Up,200,23000.0,0.0
CEO,09:56:51,Buy Up,100,23000.0,100.0
CEO,09:56:46,Sell Down,500,22900.0,-100.0
CEO,09:56:44,Buy Up,1500,23000.0,100.0
CEO,09:56:43,Sell Down,1000,22900.0,-100.0
CEO,09:56:37,Buy Up,300,23000.0,0.0
CEO,09:56:32,Buy Up,500,23000.0,0.0
CEO,09:56:28,Buy Up,100,23000.0,0.0
CEO,09:56:09,Buy Up,2800,23000.0,0.0
CEO,09:56:07,Buy Up,500,23000.0,100.0
CEO,09:56:04,Sell Down,100,22900.0,-100.0
CEO,09:56:02,Buy Up,16100,23000.0,0.0
CEO,09:56:00,Buy Up,100,23000.0,0.0
CEO,09:55:56,Buy Up,1500,23000.0,0.0
CEO,09:55:52,Buy Up,1200,23000.0,0.0
CEO,09:55:50,Buy Up,300,23000.0,100.0
CEO,09:55:48,Sell Down,500,22900.0,0.0
CEO,09:55:38,Sell Down,500,22900.0,-100.0
CEO,09:55:36,Buy Up,100,23000.0,100.0
CEO,09:55:30,Sell Down,100,22900.0,-100.0
CEO,09:55:26,Buy Up,100,23000.0,0.0
CEO,09:55:24,Buy Up,100,23000.0,0.0
CEO,09:55:23,Buy Up,2000,23000.0,0.0
CEO,09:55:21,Buy Up,2000,23000.0,0.0
CEO,09:55:19,Buy Up,100,23000.0,0.0
CEO,09:55:14,Buy Up,1900,23000.0,0.0
CEO,09:55:06,Buy Up,100,23000.0,0.0
CEO,09:55:02,Buy Up,1000,23000.0,100.0
CEO,09:54:58,Sell Down,3100,22900.0,0.0
CEO,09:54:56,Sell Down,6100,22900.0,0.0
CEO,09:54:55,Buy Up,6500,22900.0,0.0
CEO,09:54:54,Buy Up,100000,22900.0,0.0
CEO,09:54:53,Buy Up,7700,22900.0,0.0
CEO,09:54:52,Buy Up,4000,22900.0,0.0
CEO,09:54:50,Buy Up,1000,22900.0,0.0
CEO,09:54:48,Buy Up,10000,22900.0,0.0
CEO,09:54:47,Buy Up,34200,22900.0,0.0
CEO,09:54:46,Buy Up,3600,22900.0,0.0
CEO,09:54:44,Buy Up,4400,22900.0,0.0
CEO,09:54:43,Buy Up,34000,22900.0,0.0
CEO,09:54:42,Buy Up,15000,22900.0,0.0
CEO,09:54:41,Buy Up,2500,22900.0,0.0
CEO,09:54:39,Buy Up,100,22900.0,0.0
CEO,09:54:37,Buy Up,800,22900.0,0.0
CEO,09:54:36,Buy Up,15900,22900.0,0.0
CEO,09:54:34,Buy Up,1000,22900.0,0.0
CEO,09:54:33,Buy Up,15000,22900.0,0.0
CEO,09:54:31,Buy Up,107000,22900.0,0.0
CEO,09:54:30,Buy Up,2500,22900.0,0.0
CEO,09:54:29,Buy Up,500,22900.0,0.0
CEO,09:54:28,Buy Up,5000,22900.0,0.0
CEO,09:54:27,Buy Up,1500,22900.0,0.0
CEO,09:54:24,Buy Up,300,22900.0,0.0
CEO,09:54:19,Buy Up,10000,22900.0,0.0
CEO,09:54:16,Buy Up,100,22900.0,0.0
CEO,09:54:15,Buy Up,10000,22900.0,0.0
CEO,09:54:12,Buy Up,1000,22900.0,0.0
CEO,09:54:11,Buy Up,1900,22900.0,0.0
CEO,09:54:09,Buy Up,100,22900.0,0.0
CEO,09:54:06,Buy Up,2500,22900.0,0.0
CEO,09:54:05,Buy Up,4000,22900.0,0.0
CEO,09:54:02,Buy Up,180000,22900.0,0.0
CEO,09:53:50,Buy Up,100,22900.0,0.0
CEO,09:53:44,Buy Up,2000,22900.0,100.0
CEO,09:53:42,Sell Down,2000,22800.0,-100.0
CEO,09:53:41,Buy Up,200,22900.0,0.0
CEO,09:53:34,Buy Up,200,22900.0,0.0
CEO,09:53:26,Buy Up,2000,22900.0,0.0
CEO,09:53:25,Buy Up,100,22900.0,100.0
CEO,09:53:22,Sell Down,3000,22800.0,-100.0
CEO,09:53:16,Buy Up,200,22900.0,100.0
CEO,09:53:15,Sell Down,2000,22800.0,0.0
CEO,09:53:03,Sell Down,5800,22800.0,0.0
CEO,09:52:57,Sell Down,200,22800.0,0.0
CEO,09:52:47,Sell Down,500,22800.0,0.0
CEO,09:52:22,Sell Down,5000,22800.0,-100.0
CEO,09:52:19,Buy Up,1000,22900.0,0.0
CEO,09:52:13,Buy Up,1200,22900.0,0.0
CEO,09:52:12,Buy Up,300,22900.0,0.0
CEO,09:52:03,Buy Up,500,22900.0,0.0
CEO,09:51:56,Buy Up,1000,22900.0,0.0
CEO,09:51:55,Buy Up,2000,22900.0,100.0
CEO,09:51:54,Sell Down,200,22800.0,0.0
CEO,09:51:46,Sell Down,1000,22800.0,-100.0
CEO,09:51:42,Buy Up,3000,22900.0,100.0
CEO,09:51:38,Sell Down,2500,22800.0,0.0
CEO,09:51:31,Sell Down,1000,22800.0,-100.0
CEO,09:51:26,Buy Up,100,22900.0,100.0
CEO,09:51:10,Sell Down,25200,22800.0,-100.0
CEO,09:50:56,Buy Up,2500,22900.0,100.0
CEO,09:50:29,Sell Down,500,22800.0,0.0
CEO,09:50:14,Sell Down,100,22800.0,0.0
CEO,09:50:04,Sell Down,600,22800.0,0.0
CEO,09:49:59,Sell Down,200,22800.0,0.0
CEO,09:49:43,Sell Down,3000,22800.0,-100.0
CEO,09:49:40,Buy Up,200,22900.0,0.0
CEO,09:49:38,Buy Up,1500,22900.0,0.0
CEO,09:49:34,Buy Up,2000,22900.0,0.0
CEO,09:49:18,Buy Up,600,22900.0,0.0
CEO,09:49:12,Buy Up,100,22900.0,0.0
CEO,09:49:08,Buy Up,500,22900.0,0.0
CEO,09:48:44,Buy Up,3000,22900.0,100.0
CEO,09:48:41,Sell Down,28500,22800.0,-100.0
CEO,09:48:39,Buy Up,500,22900.0,100.0
CEO,09:48:26,Sell Down,1000,22800.0,-100.0
CEO,09:48:17,Buy Up,500,22900.0,0.0
CEO,09:48:01,Buy Up,1900,22900.0,0.0
CEO,09:48:00,Buy Up,2000,22900.0,0.0
CEO,09:47:57,Buy Up,1000,22900.0,0.0
CEO,09:47:55,Buy Up,500,22900.0,0.0
CEO,09:47:54,Buy Up,100,22900.0,0.0
CEO,09:47:49,Buy Up,1000,22900.0,0.0
CEO,09:47:48,Buy Up,7800,22900.0,0.0
CEO,09:47:41,Buy Up,5000,22900.0,100.0
CEO,09:47:40,Sell Down,3000,22800.0,-100.0
CEO,09:47:38,Buy Up,1000,22900.0,0.0
CEO,09:47:36,Buy Up,1100,22900.0,0.0
CEO,09:47:27,Buy Up,1100,22900.0,0.0
CEO,09:47:25,Buy Up,1000,22900.0,0.0
CEO,09:47:10,Buy Up,1000,22900.0,0.0
CEO,09:47:02,Buy Up,3000,22900.0,0.0
CEO,09:46:51,Buy Up,1500,22900.0,0.0
CEO,09:46:43,Buy Up,500,22900.0,0.0
CEO,09:46:38,Buy Up,1000,22900.0,0.0
CEO,09:46:24,Buy Up,4900,22900.0,0.0
CEO,09:45:54,Buy Up,10000,22900.0,0.0
CEO,09:45:53,Buy Up,2000,22900.0,0.0
CEO,09:45:46,Buy Up,500,22900.0,0.0
CEO,09:45:44,Buy Up,1000,22900.0,0.0
CEO,09:45:41,Buy Up,2200,22900.0,0.0
CEO,09:45:37,Buy Up,10000,22900.0,0.0
CEO,09:45:30,Buy Up,300,22900.0,100.0
CEO,09:45:29,Sell Down,1000,22800.0,-100.0
CEO,09:45:28,Buy Up,300,22900.0,0.0
CEO,09:45:27,Buy Up,2900,22900.0,0.0
CEO,09:45:24,Buy Up,100,22900.0,0.0
CEO,09:45:21,Buy Up,9000,22900.0,0.0
CEO,09:45:17,Buy Up,300,22900.0,0.0
CEO,09:45:10,Buy Up,1000,22900.0,0.0
CEO,09:45:09,Buy Up,7200,22900.0,0.0
CEO,09:45:08,Buy Up,1000,22900.0,0.0
CEO,09:45:00,Buy Up,2000,22900.0,0.0
CEO,09:44:57,Buy Up,800,22900.0,100.0
CEO,09:44:56,Sell Down,3000,22800.0,0.0
CEO,09:44:53,Sell Down,1900,22800.0,-100.0
CEO,09:44:48,Buy Up,1000,22900.0,0.0
CEO,09:44:43,Buy Up,100,22900.0,0.0
CEO,09:44:40,Buy Up,800,22900.0,0.0
CEO,09:44:32,Buy Up,7000,22900.0,0.0
CEO,09:44:25,Buy Up,500,22900.0,100.0
CEO,09:44:20,Sell Down,400,22800.0,-100.0
CEO,09:44:18,Buy Up,700,22900.0,100.0
CEO,09:44:16,Sell Down,5000,22800.0,-100.0
CEO,09:44:15,Buy Up,500,22900.0,0.0
CEO,09:44:12,Buy Up,500,22900.0,0.0
CEO,09:44:11,Buy Up,100,22900.0,100.0
CEO,09:44:07,Sell Down,500,22800.0,-100.0
CEO,09:44:05,Buy Up,1000,22900.0,0.0
CEO,09:43:57,Buy Up,100,22900.0,100.0
CEO,09:43:49,Sell Down,600,22800.0,0.0
CEO,09:43:35,Sell Down,600,22800.0,0.0
CEO,09:43:30,Sell Down,300,22800.0,0.0
CEO,09:43:22,Sell Down,200,22800.0,0.0
CEO,09:43:21,Sell Down,19600,22800.0,0.0
CEO,09:43:19,Buy Up,8100,22800.0,0.0
CEO,09:43:18,Buy Up,2300,22800.0,0.0
CEO,09:43:17,Buy Up,6000,22800.0,0.0
CEO,09:43:16,Buy Up,2200,22800.0,0.0
CEO,09:43:15,Buy Up,15800,22800.0,0.0
CEO,09:43:14,Buy Up,700,22800.0,0.0
CEO,09:43:13,Buy Up,6600,22800.0,0.0
CEO,09:43:12,Buy Up,4000,22800.0,0.0
CEO,09:43:11,Buy Up,22100,22800.0,0.0
CEO,09:43:10,Buy Up,12100,22800.0,0.0
CEO,09:43:09,Buy Up,6500,22800.0,0.0
CEO,09:43:08,Buy Up,41000,22800.0,0.0
CEO,09:43:07,Buy Up,2000,22800.0,0.0
CEO,09:43:06,Buy Up,3600,22800.0,0.0
CEO,09:43:05,Buy Up,3900,22800.0,0.0
CEO,09:43:04,Buy Up,300,22800.0,0.0
CEO,09:43:03,Buy Up,10000,22800.0,0.0
CEO,09:43:02,Buy Up,5100,22800.0,0.0
CEO,09:43:00,Buy Up,6000,22800.0,0.0
CEO,09:42:58,Buy Up,40000,22800.0,0.0
CEO,09:42:57,Buy Up,5000,22800.0,0.0
CEO,09:42:56,Buy Up,30000,22800.0,0.0
CEO,09:42:52,Buy Up,1300,22800.0,0.0
CEO,09:42:51,Buy Up,1500,22800.0,0.0
CEO,09:42:50,Buy Up,1900,22800.0,0.0
CEO,09:42:46,Buy Up,3000,22800.0,0.0
CEO,09:42:41,Buy Up,2000,22800.0,0.0
CEO,09:42:40,Buy Up,1100,22800.0,0.0
CEO,09:42:34,Buy Up,1000,22800.0,0.0
CEO,09:42:30,Buy Up,10000,22800.0,0.0
CEO,09:42:27,Buy Up,1000,22800.0,0.0
CEO,09:42:26,Buy Up,2000,22800.0,0.0
CEO,09:42:12,Buy Up,3000,22800.0,0.0
CEO,09:42:00,Buy Up,300,22800.0,0.0
CEO,09:41:56,Buy Up,200,22800.0,0.0
CEO,09:41:54,Buy Up,700,22800.0,0.0
CEO,09:41:53,Buy Up,20000,22800.0,100.0
CEO,09:41:49,Sell Down,200,22700.0,-100.0
CEO,09:41:47,Buy Up,1000,22800.0,0.0
CEO,09:41:44,Buy Up,14900,22800.0,0.0
CEO,09:41:42,Buy Up,900,22800.0,0.0
CEO,09:41:39,Buy Up,100,22800.0,0.0
CEO,09:41:31,Buy Up,500,22800.0,0.0
CEO,09:41:28,Buy Up,5000,22800.0,0.0
CEO,09:41:01,Buy Up,100,22800.0,0.0
CEO,09:40:58,Buy Up,10000,22800.0,0.0
CEO,09:40:57,Buy Up,4000,22800.0,0.0
CEO,09:40:49,Buy Up,2400,22800.0,0.0
CEO,09:40:45,Buy Up,1000,22800.0,100.0
CEO,09:40:42,Sell Down,4000,22700.0,0.0
CEO,09:40:33,Sell Down,300,22700.0,-100.0
CEO,09:40:23,Buy Up,500,22800.0,0.0
CEO,09:40:09,Buy Up,400,22800.0,100.0
CEO,09:40:05,Sell Down,5000,22700.0,0.0
CEO,09:39:59,Sell Down,2100,22700.0,0.0
CEO,09:39:56,Sell Down,9000,22700.0,-100.0
CEO,09:39:54,Buy Up,5000,22800.0,100.0
CEO,09:39:37,Sell Down,100,22700.0,0.0
CEO,09:39:29,Sell Down,200,22700.0,0.0
CEO,09:39:24,Sell Down,200,22700.0,0.0
CEO,09:39:21,Sell Down,15000,22700.0,0.0
CEO,09:39:19,Sell Down,2000,22700.0,0.0
CEO,09:39:16,Sell Down,8000,22700.0,0.0
CEO,09:39:13,Sell Down,16000,22700.0,0.0
CEO,09:39:09,Sell Down,3400,22700.0,0.0
CEO,09:39:08,Sell Down,10000,22700.0,0.0
CEO,09:38:46,Sell Down,6000,22700.0,0.0
CEO,09:38:42,Sell Down,500,22700.0,0.0
CEO,09:38:29,Sell Down,5000,22700.0,0.0
CEO,09:38:16,Sell Down,600,22700.0,0.0
CEO,09:38:11,Sell Down,4100,22700.0,0.0
CEO,09:38:05,Sell Down,5000,22700.0,0.0
CEO,09:38:02,Sell Down,3200,22700.0,0.0
CEO,09:38:01,Sell Down,600,22700.0,0.0
CEO,09:38:00,Sell Down,4000,22700.0,-100.0
CEO,09:37:53,Buy Up,1000,22800.0,100.0
CEO,09:37:50,Sell Down,2000,22700.0,0.0
CEO,09:37:45,Sell Down,9000,22700.0,0.0
CEO,09:37:41,Sell Down,14700,22700.0,0.0
CEO,09:37:40,Sell Down,800,22700.0,0.0
CEO,09:37:36,Sell Down,1000,22700.0,0.0
CEO,09:37:31,Sell Down,200,22700.0,0.0
CEO,09:37:30,Sell Down,19500,22700.0,0.0
CEO,09:37:28,Sell Down,5000,22700.0,0.0
CEO,09:37:21,Sell Down,500,22700.0,0.0
CEO,09:37:19,Sell Down,1000,22700.0,0.0
CEO,09:37:17,Sell Down,20000,22700.0,0.0
CEO,09:37:15,Sell Down,3000,22700.0,0.0
CEO,09:37:02,Sell Down,100,22700.0,-100.0
CEO,09:36:58,Buy Up,10000,22800.0,100.0
CEO,09:36:36,Sell Down,3000,22700.0,-100.0
CEO,09:36:33,Buy Up,1800,22800.0,100.0
CEO,09:36:32,Sell Down,3000,22700.0,0.0
CEO,09:36:31,Sell Down,2000,22700.0,0.0
CEO,09:36:28,Sell Down,500,22700.0,0.0
CEO,09:36:21,Sell Down,5000,22700.0,0.0
CEO,09:36:18,Sell Down,100,22700.0,0.0
CEO,09:36:08,Sell Down,200,22700.0,0.0
CEO,09:35:48,Sell Down,200,22700.0,0.0
CEO,09:35:47,Sell Down,3700,22700.0,-100.0
CEO,09:35:43,Buy Up,11900,22800.0,100.0
CEO,09:35:39,Sell Down,3000,22700.0,0.0
CEO,09:35:37,Sell Down,10000,22700.0,0.0
CEO,09:35:32,Sell Down,2000,22700.0,0.0
CEO,09:35:28,Sell Down,200,22700.0,0.0
CEO,09:35:27,Sell Down,6600,22700.0,0.0
CEO,09:35:21,Sell Down,2500,22700.0,-100.0
CEO,09:35:01,Buy Up,300,22800.0,100.0
CEO,09:34:57,Sell Down,1500,22700.0,0.0
CEO,09:34:56,Sell Down,3500,22700.0,0.0
CEO,09:34:55,Sell Down,5000,22700.0,0.0
CEO,09:34:52,Sell Down,1000,22700.0,0.0
CEO,09:34:27,Sell Down,3000,22700.0,0.0
CEO,09:34:26,Sell Down,100,22700.0,0.0
CEO,09:34:25,Sell Down,5000,22700.0,0.0
CEO,09:34:17,Sell Down,5000,22700.0,0.0
CEO,09:34:06,Sell Down,55600,22700.0,0.0
CEO,09:34:01,Sell Down,12000,22700.0,-100.0
CEO,09:33:50,Buy Up,400,22800.0,100.0
CEO,09:33:49,Sell Down,1000,22700.0,0.0
CEO,09:33:48,Sell Down,5100,22700.0,0.0
CEO,09:33:45,Sell Down,3000,22700.0,0.0
CEO,09:33:42,Sell Down,500,22700.0,-100.0
CEO,09:33:32,Buy Up,1500,22800.0,100.0
CEO,09:33:29,Sell Down,1000,22700.0,0.0
CEO,09:33:11,Sell Down,4000,22700.0,-100.0
CEO,09:33:09,Buy Up,1000,22800.0,100.0
CEO,09:33:08,Sell Down,2000,22700.0,0.0
CEO,09:32:56,Sell Down,200,22700.0,0.0
CEO,09:32:54,Sell Down,2000,22700.0,0.0
CEO,09:32:53,Sell Down,1000,22700.0,-100.0
CEO,09:32:44,Buy Up,100,22800.0,100.0
CEO,09:32:38,Sell Down,500,22700.0,-100.0
CEO,09:32:30,Buy Up,100,22800.0,0.0
CEO,09:32:29,Buy Up,3000,22800.0,100.0
CEO,09:32:20,Sell Down,500,22700.0,-100.0
CEO,09:32:15,Buy Up,2600,22800.0,100.0
CEO,09:31:50,Sell Down,100,22700.0,0.0
CEO,09:31:49,Sell Down,7500,22700.0,0.0
CEO,09:31:48,Sell Down,9000,22700.0,0.0
CEO,09:31:41,Sell Down,4100,22700.0,0.0
CEO,09:31:32,Sell Down,900,22700.0,0.0
CEO,09:31:25,Sell Down,100,22700.0,0.0
CEO,09:31:24,Sell Down,1000,22700.0,0.0
CEO,09:31:02,Sell Down,200,22700.0,0.0
CEO,09:31:00,Sell Down,1000,22700.0,0.0
CEO,09:30:59,Sell Down,2000,22700.0,0.0
CEO,09:30:50,Sell Down,1000,22700.0,0.0
CEO,09:30:47,Sell Down,2000,22700.0,0.0
CEO,09:30:38,Sell Down,15000,22700.0,0.0
CEO,09:30:29,Sell Down,200,22700.0,0.0
CEO,09:30:24,Sell Down,2500,22700.0,0.0
CEO,09:30:15,Sell Down,300,22700.0,0.0
CEO,09:30:06,Sell Down,1000,22700.0,-100.0
CEO,09:29:58,Buy Up,300,22800.0,0.0
CEO,09:29:03,Buy Up,2300,22800.0,100.0
CEO,09:28:46,Sell Down,2000,22700.0,-100.0
CEO,09:28:38,Buy Up,100,22800.0,100.0
CEO,09:28:33,Sell Down,2000,22700.0,-100.0
CEO,09:28:29,Buy Up,1000,22800.0,0.0
CEO,09:28:24,Buy Up,1800,22800.0,0.0
CEO,09:28:09,Buy Up,300,22800.0,0.0
CEO,09:27:43,Buy Up,100,22800.0,100.0
CEO,09:27:30,Sell Down,100,22700.0,0.0
CEO,09:27:11,Sell Down,900,22700.0,-100.0
CEO,09:27:03,Buy Up,300,22800.0,0.0
CEO,09:26:34,Buy Up,500,22800.0,0.0
CEO,09:26:25,Buy Up,3000,22800.0,0.0
CEO,09:26:19,Buy Up,100,22800.0,0.0
CEO,09:26:17,Buy Up,1000,22800.0,0.0
CEO,09:26:14,Buy Up,4900,22800.0,0.0
CEO,09:26:13,Sell Down,1000,22800.0,0.0
CEO,09:26:11,Sell Down,100,22800.0,0.0
CEO,09:26:10,Sell Down,1000,22800.0,0.0
CEO,09:26:09,Sell Down,800,22800.0,0.0
CEO,09:26:07,Sell Down,2000,22800.0,0.0
CEO,09:26:05,Sell Down,7000,22800.0,0.0
CEO,09:26:04,Sell Down,200,22800.0,0.0
CEO,09:26:02,Sell Down,100,22800.0,0.0
CEO,09:25:58,Sell Down,200,22800.0,0.0
CEO,09:25:55,Sell Down,1000,22800.0,0.0
CEO,09:25:48,Sell Down,300,22800.0,0.0
CEO,09:25:46,Sell Down,1000,22800.0,0.0
CEO,09:25:37,Sell Down,1000,22800.0,0.0
CEO,09:25:31,Sell Down,700,22800.0,0.0
CEO,09:25:19,Sell Down,600,22800.0,0.0
CEO,09:25:17,Sell Down,500,22800.0,0.0
CEO,09:25:14,Sell Down,5500,22800.0,0.0
CEO,09:25:13,Sell Down,10000,22800.0,0.0
CEO,09:25:09,Sell Down,1200,22800.0,0.0
CEO,09:24:55,Sell Down,100,22800.0,0.0
CEO,09:24:51,Sell Down,1900,22800.0,0.0
CEO,09:24:48,Sell Down,100,22800.0,0.0
CEO,09:24:43,Sell Down,100,22800.0,0.0
CEO,09:24:39,Sell Down,500,22800.0,0.0
CEO,09:24:37,Buy Up,19300,22800.0,0.0
CEO,09:24:35,Buy Up,300,22800.0,0.0
CEO,09:24:30,Buy Up,400,22800.0,0.0
CEO,09:24:26,Buy Up,400,22800.0,0.0
CEO,09:24:24,Sell Down,32800,22800.0,0.0
CEO,09:24:19,Sell Down,500,22800.0,0.0
CEO,09:24:17,Sell Down,5000,22800.0,0.0
CEO,09:24:16,Sell Down,2000,22800.0,0.0
CEO,09:24:03,Sell Down,200,22800.0,0.0
CEO,09:24:00,Sell Down,3500,22800.0,0.0
CEO,09:23:53,Sell Down,100,22800.0,0.0
CEO,09:23:50,Sell Down,100,22800.0,0.0
CEO,09:23:37,Sell Down,5000,22800.0,0.0
CEO,09:23:36,Buy Up,3700,22800.0,0.0
CEO,09:23:35,Buy Up,2500,22800.0,0.0
CEO,09:23:34,Buy Up,300,22800.0,0.0
CEO,09:23:31,Buy Up,300,22800.0,0.0
CEO,09:23:30,Buy Up,200,22800.0,0.0
CEO,09:23:23,Buy Up,25000,22800.0,0.0
CEO,09:23:21,Buy Up,1300,22800.0,0.0
CEO,09:23:14,Buy Up,2000,22800.0,0.0
CEO,09:23:12,Buy Up,3000,22800.0,0.0
CEO,09:23:09,Buy Up,1000,22800.0,0.0
CEO,09:23:08,Buy Up,400,22800.0,0.0
CEO,09:23:04,Buy Up,3000,22800.0,0.0
CEO,09:23:03,Buy Up,1200,22800.0,0.0
CEO,09:23:02,Buy Up,400,22800.0,0.0
CEO,09:23:01,Buy Up,500,22800.0,0.0
CEO,09:22:59,Buy Up,1500,22800.0,0.0
CEO,09:22:55,Buy Up,3000,22800.0,0.0
CEO,09:22:53,Buy Up,100,22800.0,0.0
CEO,09:22:47,Buy Up,1200,22800.0,0.0
CEO,09:22:45,Buy Up,200,22800.0,0.0
CEO,09:22:40,Buy Up,2000,22800.0,0.0
CEO,09:22:37,Buy Up,2000,22800.0,0.0
CEO,09:22:36,Buy Up,500,22800.0,0.0
CEO,09:22:32,Buy Up,100,22800.0,0.0
CEO,09:22:30,Buy Up,1300,22800.0,0.0
CEO,09:22:28,Buy Up,1600,22800.0,0.0
CEO,09:22:26,Buy Up,3400,22800.0,0.0
CEO,09:22:23,Buy Up,3500,22800.0,0.0
CEO,09:22:21,Buy Up,5000,22800.0,0.0
CEO,09:22:20,Buy Up,2300,22800.0,0.0
CEO,09:22:15,Buy Up,2000,22800.0,0.0
CEO,09:22:11,Buy Up,200,22800.0,0.0
CEO,09:22:10,Buy Up,20000,22800.0,0.0
CEO,09:22:09,Buy Up,100,22800.0,0.0
CEO,09:22:03,Buy Up,3000,22800.0,0.0
CEO,09:22:02,Buy Up,3000,22800.0,0.0
CEO,09:21:59,Buy Up,300,22800.0,0.0
CEO,09:21:58,Buy Up,9000,22800.0,0.0
CEO,09:21:57,Buy Up,1300,22800.0,0.0
CEO,09:21:44,Buy Up,2000,22800.0,0.0
CEO,09:21:42,Buy Up,1000,22800.0,0.0
CEO,09:21:40,Buy Up,100,22800.0,0.0
CEO,09:21:20,Buy Up,1000,22800.0,0.0
CEO,09:21:14,Buy Up,200,22800.0,0.0
CEO,09:21:07,Buy Up,100,22800.0,100.0
CEO,09:21:04,Sell Down,2000,22700.0,-100.0
CEO,09:20:55,Buy Up,100,22800.0,0.0
CEO,09:20:53,Buy Up,100,22800.0,0.0
CEO,09:20:36,Buy Up,2000,22800.0,0.0
CEO,09:20:29,Buy Up,5000,22800.0,0.0
CEO,09:20:21,Buy Up,3000,22800.0,0.0
CEO,09:20:16,Buy Up,500,22800.0,0.0
CEO,09:20:14,Buy Up,900,22800.0,0.0
CEO,09:20:04,Buy Up,1000,22800.0,0.0
CEO,09:19:57,Buy Up,800,22800.0,0.0
CEO,09:19:53,Buy Up,25000,22800.0,0.0
CEO,09:19:51,Buy Up,6200,22800.0,0.0
CEO,09:19:46,Buy Up,1200,22800.0,0.0
CEO,09:19:39,Buy Up,100,22800.0,100.0
CEO,09:19:34,Sell Down,700,22700.0,-100.0
CEO,09:19:15,Buy Up,100,22800.0,0.0
CEO,09:19:14,Buy Up,3200,22800.0,100.0
CEO,09:19:06,Sell Down,400,22700.0,-100.0
CEO,09:18:51,Buy Up,800,22800.0,0.0
CEO,09:18:48,Buy Up,3000,22800.0,0.0
CEO,09:18:44,Buy Up,5100,22800.0,0.0
CEO,09:18:27,Buy Up,200,22800.0,0.0
CEO,09:18:26,Buy Up,5000,22800.0,0.0
CEO,09:18:25,Buy Up,100,22800.0,0.0
CEO,09:18:21,Buy Up,700,22800.0,0.0
CEO,09:18:19,Buy Up,1100,22800.0,0.0
CEO,09:18:17,Buy Up,3500,22800.0,0.0
CEO,09:18:12,Buy Up,600,22800.0,0.0
CEO,09:17:57,Buy Up,200,22800.0,0.0
CEO,09:17:48,Buy Up,10200,22800.0,0.0
CEO,09:17:46,Buy Up,800,22800.0,0.0
CEO,09:17:38,Buy Up,500,22800.0,0.0
CEO,09:17:33,Buy Up,100,22800.0,0.0
CEO,09:17:28,Sell Down,2300,22800.0,0.0
CEO,09:17:09,Sell Down,8200,22800.0,0.0
CEO,09:16:57,Sell Down,3000,22800.0,0.0
CEO,09:16:36,Sell Down,6000,22800.0,0.0
CEO,09:16:34,Sell Down,1000,22800.0,0.0
CEO,09:16:27,Sell Down,500,22800.0,0.0
CEO,09:16:12,Sell Down,10000,22800.0,0.0
CEO,09:15:59,Sell Down,200,22800.0,0.0
CEO,09:15:56,Sell Down,500,22800.0,0.0
CEO,09:15:31,Sell Down,100,22800.0,0.0
CEO,09:15:16,Buy Up,6000,22800.0,0.0
CEO,09:15:10,Sell Down,7000,22800.0,0.0
CEO,09:15:04,Sell Down,10000,22800.0,0.0
CEO,09:14:55,Sell Down,5200,22800.0,0.0
CEO,09:14:44,Sell Down,300,22800.0,0.0
CEO,09:14:36,Sell Down,500,22800.0,0.0
CEO,09:14:27,Sell Down,100,22800.0,0.0
CEO,09:14:22,Sell Down,1000,22800.0,0.0
CEO,09:14:21,Sell Down,700,22800.0,0.0
CEO,09:14:17,Buy Up,100,22800.0,0.0
CEO,09:14:12,Buy Up,300,22800.0,0.0
CEO,09:14:07,Buy Up,100,22800.0,0.0
CEO,09:13:52,Buy Up,500,22800.0,0.0
CEO,09:13:45,Buy Up,8300,22800.0,0.0
CEO,09:13:40,Sell Down,3400,22800.0,0.0
CEO,09:13:32,Sell Down,1000,22800.0,0.0
CEO,09:13:20,Sell Down,800,22800.0,0.0
CEO,09:13:15,Sell Down,10000,22800.0,0.0
CEO,09:13:13,Sell Down,200,22800.0,0.0
CEO,09:12:59,Sell Down,1000,22800.0,0.0
CEO,09:12:20,Sell Down,1000,22800.0,0.0
CEO,09:12:15,Sell Down,100,22800.0,0.0
CEO,09:11:48,Sell Down,10000,22800.0,-100.0
CEO,09:11:13,Buy Up,500,22900.0,0.0
CEO,09:11:04,Buy Up,200,22900.0,0.0
CEO,09:10:39,Buy Up,1000,22900.0,100.0
CEO,09:10:25,Sell Down,3000,22800.0,0.0
CEO,09:10:10,Sell Down,400,22800.0,0.0
CEO,09:09:58,Sell Down,5000,22800.0,0.0
CEO,09:09:53,Sell Down,100,22800.0,0.0
CEO,09:09:49,Sell Down,500,22800.0,0.0
CEO,09:09:46,Sell Down,4900,22800.0,0.0
CEO,09:09:44,Sell Down,1700,22800.0,0.0
CEO,09:09:41,Sell Down,100,22800.0,0.0
CEO,09:09:24,Sell Down,100,22800.0,0.0
CEO,09:09:14,Sell Down,300,22800.0,0.0
CEO,09:09:07,Buy Up,4300,22800.0,0.0
CEO,09:09:02,Buy Up,800,22800.0,0.0
CEO,09:08:58,Buy Up,2000,22800.0,0.0
CEO,09:08:52,Buy Up,2000,22800.0,0.0
CEO,09:08:51,Buy Up,1200,22800.0,0.0
CEO,09:08:49,Buy Up,500,22800.0,0.0
CEO,09:08:34,Buy Up,100,22800.0,0.0
CEO,09:08:32,Buy Up,200,22800.0,0.0
CEO,09:08:28,Buy Up,100,22800.0,0.0
CEO,09:08:22,Buy Up,100,22800.0,0.0
CEO,09:08:13,Buy Up,200,22800.0,0.0
CEO,09:08:11,Buy Up,100,22800.0,0.0
CEO,09:08:10,Buy Up,300,22800.0,0.0
CEO,09:08:06,Buy Up,300,22800.0,0.0
CEO,09:08:05,Buy Up,100,22800.0,0.0
CEO,09:08:02,Buy Up,4000,22800.0,0.0
CEO,09:08:00,Buy Up,5500,22800.0,0.0
CEO,09:07:55,Buy Up,35000,22800.0,0.0
CEO,09:07:53,Buy Up,100,22800.0,0.0
CEO,09:07:52,Buy Up,200,22800.0,0.0
CEO,09:07:46,Buy Up,1000,22800.0,0.0
CEO,09:07:30,Buy Up,100,22800.0,0.0
CEO,09:07:20,Buy Up,100,22800.0,0.0
CEO,09:06:58,Buy Up,100,22800.0,0.0
CEO,09:06:47,Buy Up,10000,22800.0,0.0
CEO,09:06:44,Buy Up,900,22800.0,0.0
CEO,09:06:37,Buy Up,800,22800.0,0.0
CEO,09:06:35,Buy Up,200,22800.0,0.0
CEO,09:05:57,Buy Up,6000,22800.0,0.0
CEO,09:05:55,Buy Up,100,22800.0,0.0
