ticker,time,orderType,volume,price,prevPriceChange
MWG,10:29:57,Sell Down,5700,43050.0,0.0
MWG,10:29:38,Sell Down,500,43050.0,-50.0
MWG,10:29:33,Buy Up,100,43100.0,0.0
MWG,10:28:46,Buy Up,100,43100.0,0.0
MWG,10:28:39,Buy Up,100,43100.0,50.0
MWG,10:28:31,Sell Down,400,43050.0,0.0
MWG,10:28:14,Sell Down,300,43050.0,0.0
MWG,10:28:12,Sell Down,400,43050.0,0.0
MWG,10:27:48,Sell Down,300,43050.0,0.0
MWG,10:27:48,Sell Down,100,43050.0,0.0
MWG,10:27:48,Sell Down,100,43050.0,0.0
MWG,10:27:48,Sell Down,100,43050.0,0.0
MWG,10:27:48,Sell Down,400,43050.0,0.0
MWG,10:27:48,Sell Down,1000,43050.0,-50.0
MWG,10:27:46,Buy Up,100,43100.0,50.0
MWG,10:27:43,Sell Down,100,43050.0,0.0
MWG,10:27:34,Sell Down,200,43050.0,0.0
MWG,10:27:34,Sell Down,300,43050.0,0.0
MWG,10:27:32,Sell Down,1000,43050.0,0.0
MWG,10:27:29,Sell Down,500,43050.0,0.0
MWG,10:27:23,Sell Down,200,43050.0,0.0
MWG,10:27:20,Sell Down,1000,43050.0,0.0
MWG,10:27:13,Sell Down,400,43050.0,-50.0
MWG,10:27:06,Buy Up,1000,43100.0,50.0
MWG,10:27:01,Sell Down,400,43050.0,0.0
MWG,10:27:01,Sell Down,500,43050.0,0.0
MWG,10:27:01,Sell Down,300,43050.0,0.0
MWG,10:27:01,Sell Down,200,43050.0,0.0
MWG,10:27:01,Sell Down,100,43050.0,0.0
MWG,10:27:01,Sell Down,500,43050.0,-50.0
MWG,10:26:54,Buy Up,100,43100.0,50.0
MWG,10:26:36,Sell Down,500,43050.0,0.0
MWG,10:26:13,Sell Down,10800,43050.0,-50.0
MWG,10:26:13,Buy Up,1000,43100.0,0.0
MWG,10:26:13,Buy Up,3600,43100.0,0.0
MWG,10:26:13,Buy Up,5400,43100.0,0.0
MWG,10:26:00,Buy Up,100,43100.0,0.0
MWG,10:25:44,Buy Up,1700,43100.0,0.0
MWG,10:25:34,Buy Up,100,43100.0,0.0
MWG,10:25:25,Buy Up,100,43100.0,0.0
MWG,10:25:14,Buy Up,2600,43100.0,0.0
MWG,10:25:14,Buy Up,10000,43100.0,0.0
MWG,10:25:14,Buy Up,7400,43100.0,0.0
MWG,10:25:07,Buy Up,100,43100.0,0.0
MWG,10:24:57,Buy Up,4000,43100.0,50.0
MWG,10:24:54,Sell Down,400,43050.0,0.0
MWG,10:24:29,Sell Down,100,43050.0,-50.0
MWG,10:24:23,Buy Up,3000,43100.0,0.0
MWG,10:24:14,Buy Up,100,43100.0,50.0
MWG,10:24:09,Buy Up,600,43050.0,0.0
MWG,10:24:09,Buy Up,200,43050.0,0.0
MWG,10:24:09,Buy Up,500,43050.0,0.0
MWG,10:24:09,Buy Up,3000,43050.0,0.0
MWG,10:24:09,Buy Up,5100,43050.0,0.0
MWG,10:24:09,Buy Up,100,43050.0,0.0
MWG,10:24:09,Buy Up,500,43050.0,0.0
MWG,10:24:09,Buy Up,27700,43050.0,50.0
MWG,10:24:08,Sell Down,100,43000.0,0.0
MWG,10:24:08,Sell Down,100,43000.0,0.0
MWG,10:24:08,Sell Down,500,43000.0,0.0
MWG,10:24:08,Sell Down,400,43000.0,0.0
MWG,10:24:08,Sell Down,100,43000.0,0.0
MWG,10:24:08,Sell Down,200,43000.0,0.0
MWG,10:24:08,Sell Down,200,43000.0,0.0
MWG,10:24:08,Sell Down,100,43000.0,0.0
MWG,10:24:08,Sell Down,300,43000.0,-50.0
MWG,10:24:08,Buy Up,1300,43050.0,50.0
MWG,10:23:59,Sell Down,200,43000.0,0.0
MWG,10:23:59,Sell Down,300,43000.0,0.0
MWG,10:23:59,Sell Down,200,43000.0,0.0
MWG,10:23:59,Sell Down,100,43000.0,0.0
MWG,10:23:59,Sell Down,100,43000.0,0.0
MWG,10:23:59,Sell Down,100,43000.0,-50.0
MWG,10:23:50,Buy Up,4000,43050.0,50.0
MWG,10:23:50,Sell Down,300,43000.0,-50.0
MWG,10:23:42,Buy Up,500,43050.0,0.0
MWG,10:23:38,Buy Up,2000,43050.0,0.0
MWG,10:23:28,Buy Up,500,43050.0,0.0
MWG,10:23:24,Buy Up,100,43050.0,0.0
MWG,10:23:20,Buy Up,100,43050.0,50.0
MWG,10:23:18,Sell Down,200,43000.0,0.0
MWG,10:23:18,Sell Down,400,43000.0,-50.0
MWG,10:23:17,Buy Up,100,43050.0,0.0
MWG,10:23:04,Buy Up,800,43050.0,0.0
MWG,10:22:40,Buy Up,1000,43050.0,50.0
MWG,10:22:33,Sell Down,400,43000.0,-50.0
MWG,10:22:33,Buy Up,100,43050.0,0.0
MWG,10:22:27,Buy Up,100,43050.0,50.0
MWG,10:22:08,Sell Down,200,43000.0,0.0
MWG,10:22:08,Sell Down,1700,43000.0,0.0
MWG,10:22:03,Sell Down,1900,43000.0,0.0
MWG,10:22:01,Sell Down,100,43000.0,0.0
MWG,10:22:01,Sell Down,400,43000.0,-50.0
MWG,10:21:49,Buy Up,1500,43050.0,0.0
MWG,10:21:49,Buy Up,100,43050.0,0.0
MWG,10:21:46,Buy Up,900,43050.0,0.0
MWG,10:21:45,Buy Up,500,43050.0,0.0
MWG,10:21:43,Buy Up,200,43050.0,0.0
MWG,10:21:42,Sell Down,8500,43050.0,0.0
MWG,10:21:39,Sell Down,1000,43050.0,0.0
MWG,10:21:39,Sell Down,4500,43050.0,0.0
MWG,10:21:39,Sell Down,7700,43050.0,0.0
MWG,10:21:34,Buy Up,100,43050.0,0.0
MWG,10:21:30,Buy Up,1200,43050.0,0.0
MWG,10:21:29,Buy Up,100,43050.0,50.0
MWG,10:21:29,Sell Down,300,43000.0,-50.0
MWG,10:21:18,Buy Up,200,43050.0,0.0
MWG,10:21:14,Buy Up,100,43050.0,0.0
MWG,10:21:10,Buy Up,100,43050.0,0.0
MWG,10:21:10,Buy Up,500,43050.0,0.0
MWG,10:21:05,Buy Up,100,43050.0,-50.0
MWG,10:21:05,Buy Up,900,43100.0,50.0
MWG,10:21:04,Buy Up,10000,43050.0,0.0
MWG,10:21:00,Buy Up,10000,43050.0,0.0
MWG,10:20:59,Buy Up,700,43050.0,0.0
MWG,10:20:40,Buy Up,100,43050.0,0.0
MWG,10:20:39,Buy Up,100,43050.0,0.0
MWG,10:20:38,Buy Up,100,43050.0,0.0
MWG,10:20:28,Buy Up,5000,43050.0,0.0
MWG,10:20:28,Buy Up,200,43050.0,0.0
MWG,10:20:28,Buy Up,200,43050.0,0.0
MWG,10:20:28,Buy Up,5000,43050.0,0.0
MWG,10:20:28,Buy Up,300,43050.0,0.0
MWG,10:20:28,Buy Up,1000,43050.0,0.0
MWG,10:20:28,Buy Up,200,43050.0,0.0
MWG,10:20:28,Buy Up,700,43050.0,0.0
MWG,10:20:28,Buy Up,100,43050.0,0.0
MWG,10:20:28,Buy Up,200,43050.0,0.0
MWG,10:20:28,Buy Up,100,43050.0,0.0
MWG,10:20:28,Buy Up,100,43050.0,0.0
MWG,10:20:28,Buy Up,1000,43050.0,0.0
MWG,10:20:28,Buy Up,7200,43050.0,0.0
MWG,10:20:28,Buy Up,100,43050.0,0.0
MWG,10:20:28,Buy Up,200,43050.0,0.0
MWG,10:20:28,Buy Up,100,43050.0,0.0
MWG,10:20:28,Buy Up,2000,43050.0,0.0
MWG,10:20:28,Buy Up,100,43050.0,0.0
MWG,10:20:28,Buy Up,200,43050.0,0.0
MWG,10:20:28,Buy Up,100,43050.0,0.0
MWG,10:20:28,Buy Up,400,43050.0,0.0
MWG,10:20:28,Buy Up,200,43050.0,0.0
MWG,10:20:28,Buy Up,300,43050.0,0.0
MWG,10:20:28,Buy Up,100,43050.0,0.0
MWG,10:20:28,Buy Up,500,43050.0,0.0
MWG,10:20:28,Buy Up,200,43050.0,0.0
MWG,10:20:28,Buy Up,200,43050.0,0.0
MWG,10:20:28,Buy Up,100,43050.0,0.0
MWG,10:20:28,Buy Up,2800,43050.0,0.0
MWG,10:20:18,Sell Down,5700,43050.0,-50.0
MWG,10:19:53,Buy Up,1100,43100.0,50.0
MWG,10:19:51,Sell Down,1500,43050.0,0.0
MWG,10:19:51,Sell Down,300,43050.0,0.0
MWG,10:19:51,Sell Down,100,43050.0,-50.0
MWG,10:19:47,Buy Up,100,43100.0,0.0
MWG,10:19:46,Buy Up,500,43100.0,0.0
MWG,10:19:46,Buy Up,100,43100.0,0.0
MWG,10:19:46,Sell Down,1200,43100.0,0.0
MWG,10:19:46,Sell Down,900,43100.0,0.0
MWG,10:19:46,Sell Down,500,43100.0,0.0
MWG,10:19:46,Sell Down,100,43100.0,0.0
MWG,10:19:46,Sell Down,300,43100.0,0.0
MWG,10:19:46,Sell Down,3200,43100.0,0.0
MWG,10:19:46,Sell Down,100,43100.0,0.0
MWG,10:19:46,Sell Down,1000,43100.0,0.0
MWG,10:19:46,Sell Down,200,43100.0,0.0
MWG,10:19:46,Sell Down,1000,43100.0,0.0
MWG,10:19:46,Sell Down,500,43100.0,0.0
MWG,10:19:46,Sell Down,2000,43100.0,0.0
MWG,10:19:46,Sell Down,200,43100.0,0.0
MWG,10:19:46,Sell Down,200,43100.0,0.0
MWG,10:19:46,Sell Down,3000,43100.0,0.0
MWG,10:19:46,Sell Down,10000,43100.0,0.0
MWG,10:19:46,Sell Down,200,43100.0,0.0
MWG,10:19:46,Sell Down,900,43100.0,0.0
MWG,10:19:46,Sell Down,2000,43100.0,0.0
MWG,10:19:46,Sell Down,200,43100.0,0.0
MWG,10:19:46,Sell Down,1000,43100.0,0.0
MWG,10:19:46,Sell Down,500,43100.0,0.0
MWG,10:19:46,Sell Down,200,43100.0,0.0
MWG,10:19:46,Sell Down,200,43100.0,0.0
MWG,10:19:46,Sell Down,200,43100.0,0.0
MWG,10:19:46,Sell Down,1000,43100.0,0.0
MWG,10:19:46,Sell Down,1000,43100.0,0.0
MWG,10:19:46,Sell Down,100,43100.0,0.0
MWG,10:19:46,Sell Down,100,43100.0,0.0
MWG,10:19:46,Sell Down,200,43100.0,0.0
MWG,10:19:46,Sell Down,400,43100.0,0.0
MWG,10:19:46,Sell Down,100,43100.0,-50.0
MWG,10:19:44,Buy Up,1000,43150.0,50.0
MWG,10:19:41,Sell Down,600,43100.0,0.0
MWG,10:19:23,Sell Down,400,43100.0,0.0
MWG,10:19:18,Sell Down,1900,43100.0,0.0
MWG,10:19:16,Sell Down,100,43100.0,0.0
MWG,10:19:16,Sell Down,100,43100.0,-50.0
MWG,10:19:07,Buy Up,500,43150.0,0.0
MWG,10:19:07,Buy Up,300,43150.0,0.0
MWG,10:19:07,Buy Up,200,43150.0,0.0
MWG,10:18:54,Buy Up,100,43150.0,0.0
MWG,10:18:51,Buy Up,100,43150.0,0.0
MWG,10:18:39,Buy Up,2000,43150.0,50.0
MWG,10:18:37,Sell Down,100,43100.0,0.0
MWG,10:18:37,Sell Down,300,43100.0,0.0
MWG,10:18:37,Sell Down,300,43100.0,0.0
MWG,10:18:37,Sell Down,100,43100.0,0.0
MWG,10:18:37,Sell Down,100,43100.0,0.0
MWG,10:18:37,Sell Down,100,43100.0,0.0
MWG,10:18:37,Sell Down,900,43100.0,0.0
MWG,10:18:10,Sell Down,500,43100.0,-50.0
MWG,10:18:02,Buy Up,100,43150.0,50.0
MWG,10:17:43,Sell Down,600,43100.0,0.0
MWG,10:17:43,Sell Down,500,43100.0,0.0
MWG,10:17:43,Sell Down,100,43100.0,0.0
MWG,10:17:43,Sell Down,200,43100.0,0.0
MWG,10:17:43,Sell Down,100,43100.0,0.0
MWG,10:17:43,Sell Down,100,43100.0,0.0
MWG,10:17:43,Sell Down,300,43100.0,0.0
MWG,10:17:42,Sell Down,300,43100.0,-50.0
MWG,10:17:08,Buy Up,100,43150.0,50.0
MWG,10:16:31,Sell Down,5000,43100.0,-50.0
MWG,10:16:19,Buy Up,2000,43150.0,0.0
MWG,10:16:15,Buy Up,100,43150.0,0.0
MWG,10:16:10,Buy Up,100,43150.0,50.0
MWG,10:16:04,Sell Down,600,43100.0,0.0
MWG,10:15:56,Sell Down,200,43100.0,-50.0
MWG,10:15:54,Buy Up,200,43150.0,0.0
MWG,10:15:36,Buy Up,9600,43150.0,0.0
MWG,10:15:36,Buy Up,400,43150.0,0.0
MWG,10:15:28,Buy Up,800,43150.0,0.0
MWG,10:15:28,Buy Up,200,43150.0,0.0
MWG,10:15:28,Buy Up,300,43150.0,0.0
MWG,10:15:28,Buy Up,2500,43150.0,50.0
MWG,10:15:25,Sell Down,1000,43100.0,-50.0
MWG,10:15:23,Buy Up,100,43150.0,50.0
MWG,10:15:08,Sell Down,400,43100.0,0.0
MWG,10:15:04,Sell Down,400,43100.0,0.0
MWG,10:15:03,Sell Down,2000,43100.0,0.0
MWG,10:14:57,Sell Down,2600,43100.0,-50.0
MWG,10:14:47,Buy Up,100,43150.0,50.0
MWG,10:14:41,Sell Down,400,43100.0,-50.0
MWG,10:14:39,Buy Up,500,43150.0,0.0
MWG,10:14:29,Buy Up,100,43150.0,0.0
MWG,10:14:27,Buy Up,1700,43150.0,0.0
MWG,10:14:27,Buy Up,200,43150.0,0.0
MWG,10:14:27,Buy Up,100,43150.0,0.0
MWG,10:14:27,Buy Up,1900,43150.0,0.0
MWG,10:14:27,Buy Up,200,43150.0,0.0
MWG,10:14:27,Buy Up,900,43150.0,0.0
MWG,10:14:19,Buy Up,1000,43150.0,0.0
MWG,10:14:05,Buy Up,2000,43150.0,50.0
MWG,10:14:04,Sell Down,100,43100.0,0.0
MWG,10:14:01,Sell Down,1700,43100.0,0.0
MWG,10:14:01,Sell Down,200,43100.0,0.0
MWG,10:14:01,Sell Down,12700,43100.0,0.0
MWG,10:13:52,Sell Down,500,43100.0,-50.0
MWG,10:13:36,Buy Up,100,43150.0,0.0
MWG,10:13:30,Buy Up,100,43150.0,50.0
MWG,10:13:28,Sell Down,500,43100.0,-50.0
MWG,10:13:27,Buy Up,1000,43150.0,50.0
MWG,10:13:17,Sell Down,4000,43100.0,0.0
MWG,10:13:08,Sell Down,400,43100.0,0.0
MWG,10:13:03,Sell Down,1000,43100.0,-50.0
MWG,10:12:56,Buy Up,1000,43150.0,0.0
MWG,10:12:50,Buy Up,1000,43150.0,0.0
MWG,10:12:44,Buy Up,700,43150.0,0.0
MWG,10:12:43,Buy Up,100,43150.0,0.0
MWG,10:12:20,Buy Up,100,43150.0,50.0
MWG,10:12:12,Sell Down,200,43100.0,-50.0
MWG,10:12:12,Buy Up,900,43150.0,0.0
MWG,10:11:50,Buy Up,100,43150.0,0.0
MWG,10:11:44,Buy Up,600,43150.0,0.0
MWG,10:11:39,Buy Up,2000,43150.0,0.0
MWG,10:11:33,Buy Up,500,43150.0,50.0
MWG,10:11:31,Sell Down,400,43100.0,-50.0
MWG,10:11:01,Buy Up,1000,43150.0,0.0
MWG,10:10:57,Buy Up,100,43150.0,50.0
MWG,10:10:36,Sell Down,1000,43100.0,0.0
MWG,10:10:35,Sell Down,5400,43100.0,-50.0
MWG,10:10:27,Buy Up,500,43150.0,0.0
MWG,10:10:27,Buy Up,100,43150.0,0.0
MWG,10:10:19,Buy Up,100,43150.0,0.0
MWG,10:10:19,Buy Up,100,43150.0,0.0
MWG,10:10:13,Buy Up,400,43150.0,0.0
MWG,10:10:09,Buy Up,100,43150.0,0.0
MWG,10:10:08,Buy Up,20000,43150.0,0.0
MWG,10:10:04,Buy Up,100,43150.0,50.0
MWG,10:09:50,Sell Down,100,43100.0,0.0
MWG,10:09:46,Sell Down,100,43100.0,-50.0
MWG,10:09:44,Buy Up,3000,43150.0,50.0
MWG,10:09:30,Sell Down,200,43100.0,-50.0
MWG,10:09:11,Buy Up,100,43150.0,50.0
MWG,10:09:06,Sell Down,1000,43100.0,0.0
MWG,10:09:06,Sell Down,100,43100.0,-50.0
MWG,10:08:30,Buy Up,1000,43150.0,50.0
MWG,10:08:26,Sell Down,100,43100.0,0.0
MWG,10:08:26,Sell Down,1900,43100.0,0.0
MWG,10:08:22,Sell Down,400,43100.0,0.0
MWG,10:08:22,Sell Down,500,43100.0,0.0
MWG,10:08:22,Sell Down,100,43100.0,-50.0
MWG,10:08:19,Buy Up,100,43150.0,50.0
MWG,10:08:10,Sell Down,300,43100.0,0.0
MWG,10:07:56,Sell Down,300,43100.0,0.0
MWG,10:07:56,Sell Down,100,43100.0,0.0
MWG,10:07:56,Sell Down,100,43100.0,0.0
MWG,10:07:56,Sell Down,1000,43100.0,0.0
MWG,10:07:56,Sell Down,400,43100.0,0.0
MWG,10:07:56,Sell Down,200,43100.0,0.0
MWG,10:07:56,Sell Down,300,43100.0,0.0
MWG,10:07:56,Sell Down,200,43100.0,0.0
MWG,10:07:56,Sell Down,100,43100.0,0.0
MWG,10:07:56,Sell Down,1000,43100.0,0.0
MWG,10:07:56,Sell Down,2300,43100.0,0.0
MWG,10:07:54,Sell Down,600,43100.0,-50.0
MWG,10:07:53,Buy Up,200,43150.0,50.0
MWG,10:07:34,Sell Down,1900,43100.0,0.0
MWG,10:07:33,Sell Down,100,43100.0,-50.0
MWG,10:07:30,Buy Up,500,43150.0,0.0
MWG,10:07:26,Buy Up,100,43150.0,0.0
MWG,10:07:21,Buy Up,1000,43150.0,0.0
MWG,10:07:21,Buy Up,5000,43150.0,0.0
MWG,10:07:21,Buy Up,500,43150.0,0.0
MWG,10:07:21,Buy Up,3900,43150.0,0.0
MWG,10:06:48,Buy Up,300,43150.0,0.0
MWG,10:06:48,Buy Up,800,43150.0,0.0
MWG,10:06:40,Buy Up,1000,43150.0,0.0
MWG,10:06:33,Buy Up,100,43150.0,0.0
MWG,10:06:24,Sell Down,500,43150.0,0.0
MWG,10:06:24,Sell Down,100,43150.0,0.0
MWG,10:06:24,Sell Down,1000,43150.0,0.0
MWG,10:06:24,Sell Down,100,43150.0,0.0
MWG,10:06:24,Sell Down,500,43150.0,0.0
MWG,10:06:24,Sell Down,100,43150.0,0.0
MWG,10:06:24,Sell Down,100,43150.0,0.0
MWG,10:06:24,Sell Down,500,43150.0,0.0
MWG,10:06:24,Sell Down,100,43150.0,0.0
MWG,10:06:24,Sell Down,8900,43150.0,0.0
MWG,10:06:24,Sell Down,1000,43150.0,0.0
MWG,10:06:24,Sell Down,1000,43150.0,0.0
MWG,10:06:24,Sell Down,500,43150.0,0.0
MWG,10:06:24,Sell Down,13700,43150.0,0.0
MWG,10:06:24,Sell Down,9000,43150.0,0.0
MWG,10:06:21,Sell Down,1900,43150.0,0.0
MWG,10:06:18,Sell Down,200,43150.0,0.0
MWG,10:06:12,Sell Down,2500,43150.0,-50.0
MWG,10:06:03,Buy Up,500,43200.0,0.0
MWG,10:05:56,Buy Up,500,43200.0,50.0
MWG,10:05:55,Sell Down,1300,43150.0,0.0
MWG,10:05:51,Sell Down,200,43150.0,0.0
MWG,10:05:48,Sell Down,1200,43150.0,0.0
MWG,10:05:48,Sell Down,100,43150.0,0.0
MWG,10:05:48,Sell Down,500,43150.0,0.0
MWG,10:05:48,Sell Down,1000,43150.0,0.0
MWG,10:05:48,Sell Down,500,43150.0,0.0
MWG,10:05:48,Sell Down,100,43150.0,0.0
MWG,10:05:48,Sell Down,500,43150.0,0.0
MWG,10:05:48,Sell Down,500,43150.0,0.0
MWG,10:05:48,Sell Down,100,43150.0,0.0
MWG,10:05:48,Sell Down,200,43150.0,0.0
MWG,10:05:48,Sell Down,100,43150.0,0.0
MWG,10:05:48,Sell Down,1000,43150.0,0.0
MWG,10:05:48,Sell Down,100,43150.0,0.0
MWG,10:05:48,Sell Down,200,43150.0,0.0
MWG,10:05:48,Sell Down,200,43150.0,0.0
MWG,10:05:48,Sell Down,1000,43150.0,0.0
MWG,10:05:48,Sell Down,1000,43150.0,0.0
MWG,10:05:48,Sell Down,200,43150.0,0.0
MWG,10:05:48,Sell Down,100,43150.0,0.0
MWG,10:05:48,Sell Down,2200,43150.0,-50.0
MWG,10:05:40,Buy Up,100,43200.0,0.0
MWG,10:05:37,Buy Up,200,43200.0,50.0
MWG,10:05:32,Sell Down,1900,43150.0,-50.0
MWG,10:05:08,Buy Up,1000,43200.0,50.0
MWG,10:05:02,Sell Down,1900,43150.0,-50.0
MWG,10:04:57,Sell Down,100,43200.0,0.0
MWG,10:04:57,Sell Down,1000,43200.0,0.0
MWG,10:04:57,Sell Down,1400,43200.0,0.0
MWG,10:04:56,Sell Down,1000,43200.0,0.0
MWG,10:04:55,Sell Down,300,43200.0,-50.0
MWG,10:04:47,Buy Up,100,43250.0,50.0
MWG,10:04:47,Sell Down,300,43200.0,0.0
MWG,10:04:47,Sell Down,400,43200.0,0.0
MWG,10:04:47,Sell Down,600,43200.0,0.0
MWG,10:04:47,Sell Down,100,43200.0,0.0
MWG,10:04:47,Sell Down,1200,43200.0,0.0
MWG,10:04:47,Sell Down,7400,43200.0,0.0
MWG,10:04:35,Sell Down,1000,43200.0,0.0
MWG,10:04:30,Sell Down,1000,43200.0,-50.0
MWG,10:03:55,Buy Up,100,43250.0,50.0
MWG,10:03:42,Sell Down,600,43200.0,0.0
MWG,10:03:42,Sell Down,100,43200.0,0.0
MWG,10:03:42,Sell Down,100,43200.0,0.0
MWG,10:03:42,Sell Down,1000,43200.0,0.0
MWG,10:03:42,Sell Down,100,43200.0,0.0
MWG,10:03:37,Sell Down,200,43200.0,0.0
MWG,10:03:33,Sell Down,600,43200.0,0.0
MWG,10:03:26,Sell Down,100,43200.0,0.0
MWG,10:03:26,Sell Down,100,43200.0,0.0
MWG,10:03:26,Sell Down,200,43200.0,0.0
MWG,10:03:26,Sell Down,300,43200.0,0.0
MWG,10:03:24,Sell Down,700,43200.0,0.0
MWG,10:03:24,Sell Down,1300,43200.0,0.0
MWG,10:03:23,Sell Down,1300,43200.0,0.0
MWG,10:03:18,Sell Down,15000,43200.0,0.0
MWG,10:03:14,Sell Down,200,43200.0,0.0
MWG,10:03:04,Sell Down,100,43200.0,-50.0
MWG,10:03:02,Buy Up,100,43250.0,50.0
MWG,10:02:52,Sell Down,5000,43200.0,0.0
MWG,10:02:48,Sell Down,100,43200.0,0.0
MWG,10:02:48,Sell Down,900,43200.0,0.0
MWG,10:02:42,Sell Down,900,43200.0,-50.0
MWG,10:02:42,Buy Up,3600,43250.0,50.0
MWG,10:02:37,Sell Down,900,43200.0,0.0
MWG,10:02:36,Sell Down,2000,43200.0,0.0
MWG,10:02:33,Sell Down,900,43200.0,0.0
MWG,10:02:26,Sell Down,900,43200.0,0.0
MWG,10:02:23,Sell Down,1800,43200.0,0.0
MWG,10:02:22,Sell Down,900,43200.0,0.0
MWG,10:02:16,Sell Down,2000,43200.0,-50.0
MWG,10:02:09,Buy Up,100,43250.0,50.0
MWG,10:02:09,Sell Down,100,43200.0,0.0
MWG,10:01:59,Sell Down,400,43200.0,0.0
MWG,10:01:57,Sell Down,3500,43200.0,-50.0
MWG,10:01:51,Buy Up,1000,43250.0,0.0
MWG,10:01:27,Buy Up,300,43250.0,0.0
MWG,10:01:27,Buy Up,200,43250.0,0.0
MWG,10:01:27,Buy Up,200,43250.0,0.0
MWG,10:01:27,Buy Up,300,43250.0,0.0
MWG,10:01:17,Buy Up,100,43250.0,0.0
MWG,10:01:11,Buy Up,600,43250.0,50.0
MWG,10:01:10,Sell Down,900,43200.0,0.0
MWG,10:01:04,Sell Down,1900,43200.0,0.0
MWG,10:01:04,Sell Down,900,43200.0,0.0
MWG,10:01:02,Sell Down,1000,43200.0,-50.0
MWG,10:01:01,Buy Up,800,43250.0,50.0
MWG,10:00:38,Sell Down,100,43200.0,-50.0
MWG,10:00:32,Buy Up,300,43250.0,0.0
MWG,10:00:24,Buy Up,100,43250.0,0.0
MWG,10:00:21,Buy Up,2000,43250.0,0.0
MWG,10:00:12,Buy Up,1000,43250.0,0.0
MWG,10:00:01,Buy Up,1000,43250.0,0.0
MWG,09:59:47,Buy Up,2000,43250.0,50.0
MWG,09:59:45,Sell Down,1800,43200.0,0.0
MWG,09:59:45,Sell Down,900,43200.0,0.0
MWG,09:59:40,Sell Down,2000,43200.0,0.0
MWG,09:59:40,Sell Down,2300,43200.0,0.0
MWG,09:59:32,Buy Up,100,43200.0,0.0
MWG,09:59:25,Buy Up,200,43200.0,0.0
MWG,09:59:20,Sell Down,100,43200.0,0.0
MWG,09:59:20,Sell Down,100,43200.0,0.0
MWG,09:59:17,Sell Down,100,43200.0,0.0
MWG,09:59:17,Sell Down,200,43200.0,0.0
MWG,09:59:17,Sell Down,400,43200.0,0.0
MWG,09:59:17,Sell Down,200,43200.0,0.0
MWG,09:59:17,Sell Down,9100,43200.0,-50.0
MWG,09:59:11,Buy Up,100,43250.0,50.0
MWG,09:59:08,Sell Down,900,43200.0,-50.0
MWG,09:58:39,Buy Up,100,43250.0,50.0
MWG,09:58:33,Buy Up,300,43200.0,0.0
MWG,09:58:27,Buy Up,1000,43200.0,0.0
MWG,09:58:26,Sell Down,600,43200.0,0.0
MWG,09:58:25,Sell Down,400,43200.0,0.0
MWG,09:58:25,Sell Down,500,43200.0,0.0
MWG,09:58:25,Sell Down,2000,43200.0,0.0
MWG,09:58:25,Sell Down,100,43200.0,0.0
MWG,09:58:25,Sell Down,1000,43200.0,0.0
MWG,09:58:25,Sell Down,100,43200.0,0.0
MWG,09:58:25,Sell Down,900,43200.0,0.0
MWG,09:58:23,Sell Down,700,43200.0,-50.0
MWG,09:58:16,Buy Up,200,43250.0,50.0
MWG,09:58:12,Sell Down,3400,43200.0,0.0
MWG,09:58:12,Sell Down,500,43200.0,0.0
MWG,09:58:12,Sell Down,100,43200.0,0.0
MWG,09:58:12,Sell Down,1000,43200.0,0.0
MWG,09:57:56,Sell Down,14600,43200.0,0.0
MWG,09:57:51,Sell Down,10000,43200.0,-50.0
MWG,09:57:46,Buy Up,100,43250.0,50.0
MWG,09:57:42,Sell Down,1000,43200.0,0.0
MWG,09:57:39,Sell Down,500,43200.0,0.0
MWG,09:57:35,Sell Down,900,43200.0,0.0
MWG,09:57:28,Sell Down,900,43200.0,0.0
MWG,09:57:24,Sell Down,900,43200.0,0.0
MWG,09:57:19,Sell Down,900,43200.0,0.0
MWG,09:57:13,Sell Down,900,43200.0,0.0
MWG,09:57:07,Sell Down,1000,43200.0,0.0
MWG,09:57:07,Sell Down,1800,43200.0,0.0
MWG,09:57:07,Sell Down,900,43200.0,0.0
MWG,09:57:02,Sell Down,900,43200.0,0.0
MWG,09:56:58,Sell Down,100,43200.0,0.0
MWG,09:56:56,Sell Down,900,43200.0,-50.0
MWG,09:56:53,Buy Up,100,43250.0,50.0
MWG,09:56:51,Sell Down,900,43200.0,0.0
MWG,09:56:51,Sell Down,3500,43200.0,0.0
MWG,09:56:46,Sell Down,100,43200.0,0.0
MWG,09:56:46,Sell Down,900,43200.0,-50.0
MWG,09:56:45,Buy Up,1200,43250.0,0.0
MWG,09:56:45,Buy Up,1800,43250.0,50.0
MWG,09:56:43,Sell Down,1000,43200.0,0.0
MWG,09:56:42,Sell Down,900,43200.0,0.0
MWG,09:56:40,Sell Down,100,43200.0,0.0
MWG,09:56:38,Sell Down,2500,43200.0,0.0
MWG,09:56:37,Sell Down,900,43200.0,0.0
MWG,09:56:34,Buy Up,2000,43200.0,50.0
MWG,09:56:32,Sell Down,700,43150.0,0.0
MWG,09:56:31,Sell Down,900,43150.0,0.0
MWG,09:56:27,Sell Down,900,43150.0,-100.0
MWG,09:56:23,Buy Up,200,43250.0,50.0
MWG,09:56:23,Buy Up,300,43200.0,50.0
MWG,09:56:21,Sell Down,900,43150.0,0.0
MWG,09:56:16,Sell Down,500,43150.0,-50.0
MWG,09:56:16,Buy Up,100,43200.0,0.0
MWG,09:56:16,Buy Up,100,43200.0,0.0
MWG,09:56:16,Buy Up,100,43200.0,0.0
MWG,09:56:16,Buy Up,100,43200.0,0.0
MWG,09:56:14,Sell Down,200,43200.0,0.0
MWG,09:56:09,Sell Down,600,43200.0,0.0
MWG,09:56:07,Sell Down,1500,43200.0,0.0
MWG,09:56:07,Sell Down,100,43200.0,0.0
MWG,09:56:07,Sell Down,200,43200.0,0.0
MWG,09:56:07,Sell Down,200,43200.0,0.0
MWG,09:56:02,Sell Down,1000,43200.0,0.0
MWG,09:56:02,Sell Down,100,43200.0,0.0
MWG,09:56:02,Sell Down,1900,43200.0,-50.0
MWG,09:56:01,Buy Up,100,43250.0,50.0
MWG,09:55:55,Sell Down,1000,43200.0,0.0
MWG,09:55:50,Sell Down,100,43200.0,0.0
MWG,09:55:50,Sell Down,100,43200.0,0.0
MWG,09:55:50,Sell Down,300,43200.0,0.0
MWG,09:55:48,Sell Down,1700,43200.0,0.0
MWG,09:55:48,Sell Down,200,43200.0,0.0
MWG,09:55:44,Sell Down,400,43200.0,0.0
MWG,09:55:27,Sell Down,900,43200.0,0.0
MWG,09:55:20,Sell Down,1900,43200.0,-50.0
MWG,09:55:10,Buy Up,100,43250.0,50.0
MWG,09:54:59,Sell Down,200,43200.0,0.0
MWG,09:54:59,Sell Down,1400,43200.0,0.0
MWG,09:54:54,Buy Up,1000,43200.0,0.0
MWG,09:54:51,Buy Up,1400,43200.0,0.0
MWG,09:54:51,Buy Up,6000,43200.0,0.0
MWG,09:54:51,Buy Up,300,43200.0,0.0
MWG,09:54:51,Buy Up,2900,43200.0,0.0
MWG,09:54:51,Buy Up,2100,43200.0,0.0
MWG,09:54:51,Buy Up,1800,43200.0,0.0
MWG,09:54:51,Buy Up,1000,43200.0,0.0
MWG,09:54:51,Buy Up,1500,43200.0,0.0
MWG,09:54:51,Buy Up,3000,43200.0,0.0
MWG,09:54:49,Buy Up,3200,43200.0,0.0
MWG,09:54:49,Buy Up,600,43200.0,0.0
MWG,09:54:47,Buy Up,500,43200.0,0.0
MWG,09:54:32,Buy Up,1000,43200.0,0.0
MWG,09:54:32,Buy Up,2000,43200.0,0.0
MWG,09:54:16,Buy Up,100,43200.0,0.0
MWG,09:54:10,Buy Up,100,43200.0,0.0
MWG,09:54:10,Buy Up,200,43200.0,0.0
MWG,09:54:10,Buy Up,500,43200.0,0.0
MWG,09:53:57,Sell Down,100,43200.0,0.0
MWG,09:53:48,Sell Down,2400,43200.0,0.0
MWG,09:53:46,Buy Up,2500,43200.0,0.0
MWG,09:53:46,Buy Up,500,43200.0,0.0
MWG,09:53:46,Buy Up,1000,43200.0,0.0
MWG,09:53:46,Buy Up,3800,43200.0,0.0
MWG,09:53:46,Buy Up,1000,43200.0,0.0
MWG,09:53:46,Buy Up,2000,43200.0,0.0
MWG,09:53:46,Buy Up,1700,43200.0,0.0
MWG,09:53:44,Buy Up,200,43200.0,0.0
MWG,09:53:44,Buy Up,300,43200.0,0.0
MWG,09:53:38,Buy Up,300,43200.0,0.0
MWG,09:53:23,Buy Up,100,43200.0,0.0
MWG,09:53:02,Buy Up,700,43200.0,0.0
MWG,09:53:02,Buy Up,300,43200.0,50.0
MWG,09:53:01,Sell Down,900,43150.0,-50.0
MWG,09:52:57,Buy Up,400,43200.0,0.0
MWG,09:52:57,Buy Up,200,43200.0,0.0
MWG,09:52:56,Buy Up,500,43200.0,0.0
MWG,09:52:55,Sell Down,100,43200.0,0.0
MWG,09:52:54,Sell Down,500,43200.0,0.0
MWG,09:52:54,Sell Down,400,43200.0,0.0
MWG,09:52:54,Sell Down,200,43200.0,0.0
MWG,09:52:53,Sell Down,100,43200.0,0.0
MWG,09:52:35,Sell Down,2000,43200.0,0.0
MWG,09:52:32,Sell Down,300,43200.0,-50.0
MWG,09:52:32,Buy Up,100,43250.0,50.0
MWG,09:52:31,Sell Down,2000,43200.0,0.0
MWG,09:52:26,Buy Up,500,43200.0,0.0
MWG,09:52:26,Buy Up,100,43200.0,0.0
MWG,09:52:26,Buy Up,200,43200.0,0.0
MWG,09:52:26,Buy Up,14600,43200.0,0.0
MWG,09:52:26,Buy Up,1800,43200.0,0.0
MWG,09:52:26,Buy Up,200,43200.0,0.0
MWG,09:52:26,Buy Up,1300,43200.0,0.0
MWG,09:52:26,Buy Up,2000,43200.0,0.0
MWG,09:52:26,Buy Up,1800,43200.0,0.0
MWG,09:52:26,Buy Up,2200,43200.0,0.0
MWG,09:52:26,Buy Up,3800,43200.0,0.0
MWG,09:52:26,Buy Up,3800,43200.0,0.0
MWG,09:52:26,Buy Up,1900,43200.0,0.0
MWG,09:52:26,Buy Up,3800,43200.0,0.0
MWG,09:52:26,Buy Up,3800,43200.0,0.0
MWG,09:52:26,Buy Up,3600,43200.0,50.0
MWG,09:52:18,Sell Down,200,43150.0,0.0
MWG,09:52:08,Sell Down,300,43150.0,0.0
MWG,09:52:08,Sell Down,3600,43150.0,-50.0
MWG,09:51:58,Buy Up,200,43200.0,0.0
MWG,09:51:58,Buy Up,1500,43200.0,0.0
MWG,09:51:58,Buy Up,100,43200.0,0.0
MWG,09:51:58,Buy Up,200,43200.0,50.0
MWG,09:51:50,Sell Down,2200,43150.0,-50.0
MWG,09:51:45,Buy Up,100,43200.0,0.0
MWG,09:51:38,Buy Up,100,43200.0,0.0
MWG,09:51:29,Buy Up,2000,43200.0,0.0
MWG,09:51:02,Buy Up,500,43200.0,50.0
MWG,09:50:58,Sell Down,2900,43150.0,-50.0
MWG,09:50:54,Buy Up,1000,43200.0,0.0
MWG,09:50:52,Buy Up,100,43200.0,0.0
MWG,09:50:49,Buy Up,100,43200.0,0.0
MWG,09:50:47,Sell Down,100,43200.0,0.0
MWG,09:50:47,Sell Down,100,43200.0,0.0
MWG,09:50:47,Sell Down,500,43200.0,0.0
MWG,09:50:47,Sell Down,500,43200.0,0.0
MWG,09:50:47,Sell Down,100,43200.0,0.0
MWG,09:50:47,Sell Down,2600,43200.0,-50.0
MWG,09:50:46,Buy Up,100,43250.0,50.0
MWG,09:50:35,Sell Down,900,43200.0,0.0
MWG,09:50:34,Sell Down,2500,43200.0,0.0
MWG,09:50:34,Sell Down,300,43200.0,0.0
MWG,09:50:31,Sell Down,600,43200.0,0.0
MWG,09:50:31,Sell Down,100,43200.0,0.0
MWG,09:50:31,Sell Down,1200,43200.0,0.0
MWG,09:50:28,Sell Down,300,43200.0,0.0
MWG,09:50:28,Sell Down,500,43200.0,0.0
MWG,09:50:28,Sell Down,100,43200.0,0.0
MWG,09:50:22,Sell Down,900,43200.0,0.0
MWG,09:50:19,Sell Down,200,43200.0,0.0
MWG,09:50:19,Sell Down,100,43200.0,0.0
MWG,09:50:19,Sell Down,100,43200.0,0.0
MWG,09:50:17,Sell Down,900,43200.0,0.0
MWG,09:50:13,Sell Down,900,43200.0,0.0
MWG,09:50:13,Sell Down,1700,43200.0,0.0
MWG,09:50:09,Sell Down,400,43200.0,0.0
MWG,09:50:09,Sell Down,100,43200.0,0.0
MWG,09:50:09,Sell Down,200,43200.0,0.0
MWG,09:50:09,Sell Down,200,43200.0,0.0
MWG,09:50:05,Sell Down,300,43200.0,0.0
MWG,09:50:05,Sell Down,200,43200.0,0.0
MWG,09:50:01,Sell Down,900,43200.0,0.0
MWG,09:49:56,Sell Down,900,43200.0,-50.0
MWG,09:49:53,Buy Up,100,43250.0,50.0
MWG,09:49:53,Sell Down,900,43200.0,0.0
MWG,09:49:50,Sell Down,100,43200.0,0.0
MWG,09:49:50,Sell Down,1000,43200.0,0.0
MWG,09:49:50,Sell Down,500,43200.0,0.0
MWG,09:49:50,Sell Down,1000,43200.0,0.0
MWG,09:49:50,Sell Down,200,43200.0,0.0
MWG,09:49:46,Sell Down,900,43200.0,0.0
MWG,09:49:46,Sell Down,100,43200.0,0.0
MWG,09:49:46,Sell Down,1000,43200.0,0.0
MWG,09:49:46,Sell Down,2000,43200.0,0.0
MWG,09:49:46,Sell Down,600,43200.0,0.0
MWG,09:49:43,Sell Down,900,43200.0,0.0
MWG,09:49:42,Sell Down,200,43200.0,0.0
MWG,09:49:35,Sell Down,300,43200.0,0.0
MWG,09:49:35,Sell Down,600,43200.0,0.0
MWG,09:49:32,Sell Down,900,43200.0,0.0
MWG,09:49:32,Sell Down,100,43200.0,0.0
MWG,09:49:32,Sell Down,300,43200.0,0.0
MWG,09:49:32,Sell Down,100,43200.0,0.0
MWG,09:49:32,Sell Down,100,43200.0,0.0
MWG,09:49:32,Sell Down,400,43200.0,0.0
MWG,09:49:28,Sell Down,1000,43200.0,0.0
MWG,09:49:26,Sell Down,900,43200.0,0.0
MWG,09:49:22,Sell Down,2000,43200.0,0.0
MWG,09:49:22,Sell Down,900,43200.0,0.0
MWG,09:49:15,Sell Down,900,43200.0,0.0
MWG,09:49:12,Sell Down,1800,43200.0,0.0
MWG,09:49:11,Sell Down,900,43200.0,0.0
MWG,09:49:06,Sell Down,900,43200.0,-50.0
MWG,09:49:01,Buy Up,100,43250.0,50.0
MWG,09:49:00,Sell Down,100,43200.0,0.0
MWG,09:49:00,Sell Down,900,43200.0,-50.0
MWG,09:48:59,Buy Up,100,43250.0,50.0
MWG,09:48:58,Sell Down,100,43200.0,-50.0
MWG,09:48:57,Buy Up,200,43250.0,50.0
MWG,09:48:57,Sell Down,3000,43200.0,0.0
MWG,09:48:54,Sell Down,900,43200.0,0.0
MWG,09:48:51,Sell Down,900,43200.0,0.0
MWG,09:48:43,Sell Down,900,43200.0,0.0
MWG,09:48:40,Sell Down,900,43200.0,0.0
MWG,09:48:40,Sell Down,2600,43200.0,0.0
MWG,09:48:40,Sell Down,7400,43200.0,0.0
MWG,09:48:33,Sell Down,900,43200.0,0.0
MWG,09:48:30,Sell Down,3000,43200.0,0.0
MWG,09:48:28,Sell Down,900,43200.0,0.0
MWG,09:48:27,Sell Down,1000,43200.0,0.0
MWG,09:48:24,Sell Down,900,43200.0,0.0
MWG,09:48:18,Sell Down,900,43200.0,0.0
MWG,09:48:12,Sell Down,900,43200.0,-50.0
MWG,09:48:08,Buy Up,100,43250.0,50.0
MWG,09:48:07,Sell Down,900,43200.0,0.0
MWG,09:48:03,Sell Down,900,43200.0,0.0
MWG,09:47:58,Sell Down,900,43200.0,0.0
MWG,09:47:53,Sell Down,1800,43200.0,0.0
MWG,09:47:51,Sell Down,900,43200.0,0.0
MWG,09:47:47,Sell Down,900,43200.0,-50.0
MWG,09:47:46,Buy Up,3000,43250.0,50.0
MWG,09:47:42,Sell Down,900,43200.0,-50.0
MWG,09:47:32,Buy Up,1000,43250.0,0.0
MWG,09:47:21,Buy Up,100,43250.0,0.0
MWG,09:47:16,Buy Up,100,43250.0,0.0
MWG,09:47:09,Buy Up,1000,43250.0,0.0
MWG,09:47:06,Buy Up,600,43250.0,0.0
MWG,09:46:47,Buy Up,500,43250.0,0.0
MWG,09:46:44,Buy Up,400,43250.0,0.0
MWG,09:46:31,Buy Up,200,43250.0,0.0
MWG,09:46:24,Buy Up,100,43250.0,0.0
MWG,09:46:22,Buy Up,100,43250.0,0.0
MWG,09:46:22,Buy Up,900,43250.0,0.0
MWG,09:46:01,Buy Up,500,43250.0,0.0
MWG,09:45:41,Buy Up,100,43250.0,50.0
MWG,09:45:32,Sell Down,2200,43200.0,-50.0
MWG,09:45:31,Buy Up,100,43250.0,0.0
MWG,09:45:24,Buy Up,100,43250.0,0.0
MWG,09:45:12,Buy Up,100,43250.0,50.0
MWG,09:44:44,Sell Down,300,43200.0,-50.0
MWG,09:44:39,Buy Up,100,43250.0,0.0
MWG,09:44:29,Buy Up,100,43250.0,50.0
MWG,09:44:26,Sell Down,400,43200.0,0.0
MWG,09:44:20,Sell Down,3000,43200.0,0.0
MWG,09:44:12,Sell Down,1000,43200.0,-50.0
MWG,09:44:03,Buy Up,100,43250.0,0.0
MWG,09:43:46,Buy Up,100,43250.0,0.0
MWG,09:43:06,Buy Up,800,43250.0,0.0
MWG,09:43:06,Buy Up,900,43250.0,0.0
MWG,09:43:06,Buy Up,200,43250.0,0.0
MWG,09:43:06,Buy Up,4000,43250.0,50.0
MWG,09:43:06,Buy Up,100,43200.0,0.0
MWG,09:43:05,Buy Up,400,43200.0,0.0
MWG,09:43:05,Buy Up,600,43200.0,50.0
MWG,09:43:05,Sell Down,500,43150.0,0.0
MWG,09:43:05,Sell Down,100,43150.0,-50.0
MWG,09:42:59,Buy Up,300,43200.0,0.0
MWG,09:42:59,Buy Up,200,43200.0,0.0
MWG,09:42:54,Buy Up,100,43200.0,0.0
MWG,09:42:50,Buy Up,1000,43200.0,0.0
MWG,09:42:46,Buy Up,500,43200.0,0.0
MWG,09:42:46,Buy Up,500,43200.0,50.0
MWG,09:42:38,Sell Down,100,43150.0,0.0
MWG,09:42:38,Sell Down,300,43150.0,0.0
MWG,09:42:38,Sell Down,500,43150.0,-50.0
MWG,09:42:30,Buy Up,500,43200.0,50.0
MWG,09:42:15,Sell Down,200,43150.0,-50.0
MWG,09:42:15,Sell Down,800,43200.0,-50.0
MWG,09:42:09,Buy Up,500,43250.0,0.0
MWG,09:42:02,Buy Up,100,43250.0,50.0
MWG,09:41:53,Sell Down,2800,43200.0,0.0
MWG,09:41:53,Sell Down,200,43200.0,0.0
MWG,09:41:53,Sell Down,1000,43200.0,0.0
MWG,09:41:45,Sell Down,100,43200.0,0.0
MWG,09:41:25,Sell Down,500,43200.0,-50.0
MWG,09:41:09,Buy Up,100,43250.0,0.0
MWG,09:41:08,Buy Up,200,43250.0,50.0
MWG,09:40:51,Buy Up,100,43200.0,0.0
MWG,09:40:51,Buy Up,1500,43200.0,0.0
MWG,09:40:47,Sell Down,100,43200.0,0.0
MWG,09:40:47,Sell Down,100,43200.0,0.0
MWG,09:40:47,Sell Down,1000,43200.0,0.0
MWG,09:40:47,Sell Down,1000,43200.0,0.0
MWG,09:40:47,Sell Down,100,43200.0,0.0
MWG,09:40:47,Sell Down,6200,43200.0,0.0
MWG,09:40:24,Sell Down,200,43200.0,-50.0
MWG,09:40:17,Buy Up,100,43250.0,0.0
MWG,09:40:17,Buy Up,300,43250.0,0.0
MWG,09:40:17,Buy Up,100,43250.0,0.0
MWG,09:40:14,Buy Up,500,43250.0,0.0
MWG,09:39:25,Buy Up,100,43250.0,50.0
MWG,09:39:20,Buy Up,1000,43200.0,0.0
MWG,09:39:20,Buy Up,300,43200.0,0.0
MWG,09:39:18,Buy Up,1000,43200.0,0.0
MWG,09:39:10,Buy Up,600,43200.0,0.0
MWG,09:38:58,Buy Up,1100,43200.0,0.0
MWG,09:38:58,Buy Up,300,43200.0,0.0
MWG,09:38:58,Buy Up,1900,43200.0,0.0
MWG,09:38:58,Buy Up,6700,43200.0,0.0
MWG,09:38:37,Buy Up,100,43200.0,0.0
MWG,09:38:35,Sell Down,1600,43200.0,0.0
MWG,09:38:35,Sell Down,900,43200.0,0.0
MWG,09:38:35,Sell Down,100,43200.0,0.0
MWG,09:38:35,Sell Down,200,43200.0,0.0
MWG,09:38:35,Sell Down,100,43200.0,0.0
MWG,09:38:35,Sell Down,100,43200.0,0.0
MWG,09:38:35,Sell Down,500,43200.0,0.0
MWG,09:38:35,Sell Down,9700,43200.0,-50.0
MWG,09:38:33,Buy Up,100,43250.0,50.0
MWG,09:38:30,Sell Down,400,43200.0,0.0
MWG,09:38:14,Sell Down,1000,43200.0,0.0
MWG,09:38:05,Sell Down,2000,43200.0,0.0
MWG,09:37:54,Sell Down,300,43200.0,0.0
MWG,09:37:43,Sell Down,200,43200.0,0.0
MWG,09:37:42,Sell Down,300,43200.0,-50.0
MWG,09:37:40,Buy Up,100,43250.0,50.0
MWG,09:37:37,Buy Up,300,43200.0,0.0
MWG,09:37:37,Buy Up,100,43200.0,0.0
MWG,09:37:37,Buy Up,500,43200.0,0.0
MWG,09:37:37,Buy Up,200,43200.0,0.0
MWG,09:37:37,Buy Up,100,43200.0,0.0
MWG,09:37:37,Buy Up,700,43200.0,0.0
MWG,09:37:37,Buy Up,200,43200.0,0.0
MWG,09:37:37,Buy Up,3800,43200.0,0.0
MWG,09:37:37,Buy Up,100,43200.0,0.0
MWG,09:37:37,Buy Up,100,43200.0,0.0
MWG,09:37:33,Buy Up,100,43200.0,50.0
MWG,09:37:29,Sell Down,500,43150.0,-50.0
MWG,09:37:26,Buy Up,4700,43200.0,0.0
MWG,09:37:26,Buy Up,300,43200.0,0.0
MWG,09:37:26,Buy Up,3800,43200.0,0.0
MWG,09:37:26,Buy Up,100,43200.0,0.0
MWG,09:37:26,Buy Up,100,43200.0,0.0
MWG,09:37:05,Buy Up,300,43200.0,0.0
MWG,09:37:05,Buy Up,100,43200.0,0.0
MWG,09:37:00,Buy Up,2900,43200.0,0.0
MWG,09:37:00,Buy Up,100,43200.0,0.0
MWG,09:37:00,Buy Up,100,43200.0,0.0
MWG,09:37:00,Buy Up,200,43200.0,0.0
MWG,09:37:00,Buy Up,900,43200.0,0.0
MWG,09:36:49,Buy Up,100,43200.0,0.0
MWG,09:36:49,Buy Up,400,43200.0,0.0
MWG,09:36:48,Buy Up,100,43200.0,0.0
MWG,09:36:38,Buy Up,1600,43200.0,0.0
MWG,09:36:01,Buy Up,900,43200.0,0.0
MWG,09:36:01,Buy Up,100,43200.0,0.0
MWG,09:36:01,Buy Up,200,43200.0,0.0
MWG,09:36:01,Buy Up,100,43200.0,0.0
MWG,09:36:01,Buy Up,100,43200.0,0.0
MWG,09:36:01,Buy Up,600,43200.0,0.0
MWG,09:35:56,Buy Up,100,43200.0,0.0
MWG,09:35:20,Buy Up,300,43200.0,0.0
MWG,09:35:20,Buy Up,1000,43200.0,0.0
MWG,09:35:20,Buy Up,400,43200.0,0.0
MWG,09:35:20,Buy Up,2000,43200.0,0.0
MWG,09:35:20,Buy Up,300,43200.0,0.0
MWG,09:35:04,Buy Up,100,43200.0,50.0
MWG,09:34:30,Buy Up,1400,43150.0,0.0
MWG,09:34:26,Buy Up,2400,43150.0,0.0
MWG,09:34:26,Buy Up,3800,43150.0,0.0
MWG,09:34:26,Buy Up,400,43150.0,0.0
MWG,09:34:26,Buy Up,1000,43150.0,0.0
MWG,09:34:26,Buy Up,10000,43150.0,0.0
MWG,09:34:26,Buy Up,500,43150.0,0.0
MWG,09:34:26,Buy Up,10000,43150.0,0.0
MWG,09:34:26,Buy Up,5000,43150.0,0.0
MWG,09:34:26,Buy Up,100,43150.0,0.0
MWG,09:34:26,Buy Up,6800,43150.0,0.0
MWG,09:34:15,Buy Up,1000,43150.0,0.0
MWG,09:34:12,Buy Up,100,43150.0,0.0
MWG,09:33:46,Buy Up,1000,43150.0,0.0
MWG,09:33:34,Buy Up,100,43150.0,0.0
MWG,09:33:20,Buy Up,100,43150.0,50.0
MWG,09:33:03,Sell Down,1000,43100.0,0.0
MWG,09:32:56,Sell Down,500,43100.0,0.0
MWG,09:32:54,Sell Down,1000,43100.0,0.0
MWG,09:32:48,Sell Down,2000,43100.0,0.0
MWG,09:32:48,Sell Down,1000,43100.0,0.0
MWG,09:32:35,Sell Down,200,43100.0,0.0
MWG,09:32:29,Sell Down,1000,43100.0,-50.0
MWG,09:32:28,Buy Up,700,43150.0,0.0
MWG,09:32:28,Buy Up,100,43150.0,50.0
MWG,09:32:18,Sell Down,300,43100.0,-50.0
MWG,09:32:10,Buy Up,100,43150.0,0.0
MWG,09:32:10,Buy Up,200,43150.0,50.0
MWG,09:32:07,Sell Down,2000,43100.0,0.0
MWG,09:31:57,Sell Down,1000,43100.0,0.0
MWG,09:31:57,Sell Down,500,43100.0,0.0
MWG,09:31:57,Buy Up,4000,43100.0,0.0
MWG,09:31:57,Buy Up,600,43100.0,0.0
MWG,09:31:49,Buy Up,200,43100.0,50.0
MWG,09:31:49,Sell Down,9600,43050.0,0.0
MWG,09:31:49,Sell Down,10400,43050.0,0.0
MWG,09:31:49,Sell Down,300,43050.0,0.0
MWG,09:31:49,Sell Down,500,43050.0,0.0
MWG,09:31:49,Sell Down,100,43050.0,0.0
MWG,09:31:49,Sell Down,100,43050.0,0.0
MWG,09:31:49,Sell Down,200,43050.0,0.0
MWG,09:31:49,Sell Down,200,43050.0,0.0
MWG,09:31:49,Sell Down,2000,43050.0,0.0
MWG,09:31:49,Sell Down,3600,43050.0,-50.0
MWG,09:31:36,Buy Up,100,43100.0,0.0
MWG,09:31:29,Buy Up,100,43100.0,0.0
MWG,09:31:11,Buy Up,300,43100.0,0.0
MWG,09:31:09,Sell Down,200,43100.0,0.0
MWG,09:31:09,Sell Down,500,43100.0,0.0
MWG,09:31:09,Sell Down,13000,43100.0,0.0
MWG,09:30:59,Sell Down,4900,43100.0,0.0
MWG,09:30:57,Sell Down,300,43100.0,0.0
MWG,09:30:48,Sell Down,1800,43100.0,0.0
MWG,09:30:48,Sell Down,1000,43100.0,0.0
MWG,09:30:48,Sell Down,2000,43100.0,0.0
MWG,09:30:48,Sell Down,200,43100.0,-50.0
MWG,09:30:43,Buy Up,100,43150.0,50.0
MWG,09:30:04,Sell Down,300,43100.0,0.0
MWG,09:29:52,Buy Up,100,43100.0,0.0
MWG,09:29:52,Buy Up,3800,43100.0,0.0
MWG,09:29:52,Buy Up,700,43100.0,0.0
MWG,09:29:52,Buy Up,400,43100.0,0.0
MWG,09:29:51,Buy Up,100,43100.0,50.0
MWG,09:29:15,Sell Down,400,43050.0,0.0
MWG,09:29:15,Sell Down,300,43050.0,0.0
MWG,09:29:15,Sell Down,300,43050.0,0.0
MWG,09:29:14,Sell Down,700,43050.0,-100.0
MWG,09:28:59,Buy Up,100,43150.0,100.0
MWG,09:28:58,Sell Down,1500,43050.0,-50.0
MWG,09:28:58,Sell Down,1000,43100.0,0.0
MWG,09:28:58,Sell Down,1000,43100.0,0.0
MWG,09:28:58,Sell Down,100,43100.0,0.0
MWG,09:28:58,Sell Down,700,43100.0,0.0
MWG,09:28:58,Sell Down,2000,43100.0,0.0
MWG,09:28:58,Sell Down,100,43100.0,0.0
MWG,09:28:58,Sell Down,1000,43100.0,0.0
MWG,09:28:58,Sell Down,100,43100.0,-50.0
MWG,09:28:07,Buy Up,100,43150.0,50.0
MWG,09:28:02,Sell Down,7200,43100.0,0.0
MWG,09:28:02,Sell Down,500,43100.0,0.0
MWG,09:28:02,Sell Down,1000,43100.0,0.0
MWG,09:28:02,Sell Down,200,43100.0,0.0
MWG,09:28:02,Sell Down,100,43100.0,-50.0
MWG,09:28:01,Sell Down,200,43150.0,0.0
MWG,09:28:01,Sell Down,2300,43150.0,0.0
MWG,09:27:57,Sell Down,400,43150.0,0.0
MWG,09:27:36,Sell Down,100,43150.0,0.0
MWG,09:27:34,Sell Down,300,43150.0,0.0
MWG,09:27:33,Sell Down,2000,43150.0,0.0
MWG,09:27:33,Sell Down,1200,43150.0,0.0
MWG,09:27:33,Sell Down,16900,43150.0,0.0
MWG,09:27:33,Sell Down,1000,43150.0,0.0
MWG,09:27:33,Sell Down,500,43150.0,0.0
MWG,09:27:33,Sell Down,100,43150.0,0.0
MWG,09:27:33,Sell Down,200,43150.0,0.0
MWG,09:27:33,Sell Down,1000,43150.0,0.0
MWG,09:27:33,Sell Down,300,43150.0,0.0
MWG,09:27:33,Sell Down,1000,43150.0,0.0
MWG,09:27:33,Sell Down,20000,43150.0,0.0
MWG,09:27:33,Sell Down,100,43150.0,0.0
MWG,09:27:33,Sell Down,5700,43150.0,0.0
MWG,09:27:27,Sell Down,1100,43150.0,0.0
MWG,09:27:17,Sell Down,100,43150.0,-50.0
MWG,09:27:15,Buy Up,100,43200.0,50.0
MWG,09:27:13,Sell Down,2000,43150.0,0.0
MWG,09:27:12,Sell Down,1100,43150.0,0.0
MWG,09:27:12,Sell Down,500,43150.0,0.0
MWG,09:27:12,Sell Down,3400,43150.0,-50.0
MWG,09:27:05,Buy Up,1200,43200.0,0.0
MWG,09:26:58,Buy Up,1800,43200.0,0.0
MWG,09:26:58,Buy Up,1000,43200.0,0.0
MWG,09:26:58,Buy Up,200,43200.0,0.0
MWG,09:26:53,Buy Up,2200,43200.0,0.0
MWG,09:26:33,Buy Up,100,43200.0,0.0
MWG,09:26:26,Sell Down,100,43200.0,-50.0
MWG,09:26:23,Buy Up,100,43250.0,100.0
MWG,09:25:49,Sell Down,3300,43150.0,-50.0
MWG,09:25:49,Buy Up,100,43200.0,0.0
MWG,09:25:37,Buy Up,1000,43200.0,0.0
MWG,09:25:37,Buy Up,100,43200.0,0.0
MWG,09:25:37,Buy Up,4800,43200.0,50.0
MWG,09:25:36,Sell Down,1000,43150.0,-50.0
MWG,09:25:31,Buy Up,100,43200.0,0.0
MWG,09:25:25,Buy Up,100,43200.0,0.0
MWG,09:25:18,Buy Up,200,43200.0,0.0
MWG,09:25:14,Buy Up,2000,43200.0,0.0
MWG,09:25:06,Buy Up,100,43200.0,0.0
MWG,09:25:06,Buy Up,300,43200.0,0.0
MWG,09:25:06,Buy Up,1000,43200.0,0.0
MWG,09:25:06,Buy Up,1400,43200.0,0.0
MWG,09:24:52,Sell Down,400,43200.0,0.0
MWG,09:24:52,Sell Down,1100,43200.0,-50.0
MWG,09:24:39,Buy Up,100,43250.0,50.0
MWG,09:24:37,Sell Down,500,43200.0,0.0
MWG,09:24:37,Sell Down,1500,43200.0,0.0
MWG,09:24:35,Buy Up,100,43200.0,0.0
MWG,09:24:32,Sell Down,900,43200.0,0.0
MWG,09:24:16,Sell Down,500,43200.0,0.0
MWG,09:24:14,Buy Up,1200,43200.0,50.0
MWG,09:24:08,Sell Down,400,43150.0,-50.0
MWG,09:24:03,Buy Up,500,43200.0,0.0
MWG,09:23:59,Buy Up,1700,43200.0,0.0
MWG,09:23:59,Buy Up,300,43200.0,50.0
MWG,09:23:58,Sell Down,200,43150.0,-50.0
MWG,09:23:57,Buy Up,100,43200.0,0.0
MWG,09:23:56,Buy Up,2000,43200.0,0.0
MWG,09:23:56,Buy Up,3000,43200.0,50.0
MWG,09:23:51,Sell Down,900,43150.0,-50.0
MWG,09:23:47,Buy Up,100,43200.0,50.0
MWG,09:23:45,Sell Down,800,43150.0,0.0
MWG,09:23:45,Sell Down,100,43150.0,-50.0
MWG,09:23:45,Buy Up,100,43200.0,0.0
MWG,09:23:28,Buy Up,600,43200.0,0.0
MWG,09:23:28,Buy Up,4000,43200.0,0.0
MWG,09:23:28,Buy Up,3800,43200.0,0.0
MWG,09:23:28,Buy Up,1600,43200.0,0.0
MWG,09:23:28,Buy Up,1000,43200.0,0.0
MWG,09:23:14,Buy Up,500,43200.0,0.0
MWG,09:23:00,Buy Up,700,43200.0,0.0
MWG,09:22:59,Buy Up,300,43200.0,0.0
MWG,09:22:56,Buy Up,100,43200.0,0.0
MWG,09:22:36,Sell Down,100,43200.0,0.0
