ticker,time,orderType,volume,price,prevPriceChange
PVS,13:01:00,Buy Up,100.0,38400.0,0.0
PVS,13:00:40,Buy Up,200.0,38400.0,100.0
PVS,13:00:10,Sell Down,7000.0,38300.0,-100.0
PVS,13:00:09,Sell Down,1000.0,38400.0,0.0
PVS,13:00:06,Buy Up,16400.0,38400.0,0.0
PVS,13:00:05,Sell Down,6600.0,38400.0,0.0
PVS,13:00:04,Buy Up,11600.0,38400.0,0.0
PVS,13:00:03,Buy Up,100.0,38400.0,0.0
PVS,11:29:53,Buy Up,10000.0,38400.0,0.0
PVS,11:29:43,Sell Down,14000.0,38400.0,0.0
PVS,11:29:37,Sell Down,1000.0,38400.0,0.0
PVS,11:29:18,Sell Down,500.0,38400.0,0.0
PVS,11:28:56,Buy Up,1600.0,38400.0,0.0
PVS,11:28:54,Buy Up,200.0,38400.0,0.0
PVS,11:28:53,Buy Up,1000.0,38400.0,0.0
PVS,11:28:51,Buy Up,10000.0,38400.0,0.0
PVS,11:28:15,Sell Down,7200.0,38400.0,0.0
PVS,11:27:45,Buy Up,18800.0,38400.0,0.0
PVS,11:27:43,Buy Up,20000.0,38400.0,0.0
PVS,11:26:30,Buy Up,5000.0,38400.0,100.0
PVS,11:26:00,Sell Down,100.0,38300.0,-100.0
PVS,11:25:55,Buy Up,200.0,38400.0,0.0
PVS,11:25:45,Buy Up,20000.0,38400.0,0.0
PVS,11:25:39,Buy Up,2000.0,38400.0,0.0
PVS,11:24:48,Buy Up,3000.0,38400.0,0.0
PVS,11:24:19,Buy Up,200.0,38400.0,0.0
PVS,11:23:58,Buy Up,89100.0,38400.0,0.0
PVS,11:23:56,Sell Down,200.0,38400.0,0.0
PVS,11:23:35,Buy Up,30500.0,38400.0,0.0
PVS,11:23:33,Buy Up,1000.0,38400.0,0.0
PVS,11:23:20,Buy Up,1000.0,38400.0,0.0
PVS,11:22:54,Buy Up,700.0,38400.0,100.0
PVS,11:22:51,Sell Down,600.0,38300.0,-100.0
PVS,11:22:40,Buy Up,100.0,38400.0,0.0
PVS,11:22:39,Buy Up,600.0,38400.0,0.0
PVS,11:22:21,Buy Up,1000.0,38400.0,0.0
PVS,11:22:10,Buy Up,10000.0,38400.0,0.0
PVS,11:21:42,Buy Up,100.0,38400.0,0.0
PVS,11:21:00,Buy Up,600.0,38400.0,0.0
PVS,11:20:21,Buy Up,400.0,38400.0,0.0
PVS,11:20:10,Buy Up,800.0,38400.0,0.0
PVS,11:19:58,Buy Up,13000.0,38400.0,0.0
PVS,11:19:37,Sell Down,500.0,38400.0,0.0
PVS,11:19:34,Sell Down,300.0,38400.0,0.0
PVS,11:19:26,Sell Down,1000.0,38400.0,0.0
PVS,11:19:12,Sell Down,800.0,38400.0,0.0
PVS,11:19:01,Sell Down,100.0,38400.0,0.0
PVS,11:18:25,Sell Down,1000.0,38400.0,0.0
PVS,11:18:01,Sell Down,1000.0,38400.0,-100.0
PVS,11:17:43,Buy Up,200.0,38500.0,0.0
PVS,11:16:28,Buy Up,3200.0,38500.0,0.0
PVS,11:16:05,Buy Up,200.0,38500.0,100.0
PVS,11:15:33,Buy Up,3300.0,38400.0,0.0
PVS,11:15:28,Buy Up,1000.0,38400.0,0.0
PVS,11:15:26,Buy Up,2400.0,38400.0,0.0
PVS,11:15:24,Buy Up,2600.0,38400.0,0.0
PVS,11:15:14,Buy Up,2000.0,38400.0,0.0
PVS,11:14:39,Buy Up,2000.0,38400.0,0.0
PVS,11:14:30,Buy Up,2000.0,38400.0,0.0
PVS,11:14:24,Buy Up,800.0,38400.0,0.0
PVS,11:14:19,Buy Up,23000.0,38400.0,0.0
PVS,11:14:12,Sell Down,4400.0,38400.0,0.0
PVS,11:14:10,Sell Down,61900.0,38400.0,0.0
PVS,11:14:03,Sell Down,7800.0,38400.0,0.0
PVS,11:13:45,Sell Down,500.0,38400.0,-100.0
PVS,11:13:08,Buy Up,200.0,38500.0,0.0
PVS,11:12:45,Buy Up,5000.0,38500.0,100.0
PVS,11:11:34,Sell Down,500.0,38400.0,-100.0
PVS,11:11:15,Buy Up,2900.0,38500.0,0.0
PVS,11:11:03,Buy Up,500.0,38500.0,0.0
PVS,11:10:25,Buy Up,1000.0,38500.0,0.0
PVS,11:10:21,Buy Up,3500.0,38500.0,0.0
PVS,11:10:08,Buy Up,3000.0,38500.0,0.0
PVS,11:10:00,Buy Up,300.0,38500.0,0.0
PVS,11:09:23,Buy Up,33000.0,38500.0,0.0
PVS,11:09:07,Buy Up,10000.0,38500.0,0.0
PVS,11:06:33,Sell Down,10600.0,38500.0,0.0
PVS,11:06:14,Sell Down,30000.0,38500.0,0.0
PVS,11:06:07,Sell Down,20000.0,38500.0,0.0
PVS,11:05:55,Sell Down,13900.0,38500.0,0.0
PVS,11:05:27,Buy Up,1000.0,38500.0,100.0
PVS,11:05:26,Sell Down,400.0,38400.0,-100.0
PVS,11:05:07,Buy Up,100.0,38500.0,0.0
PVS,11:04:46,Buy Up,100.0,38500.0,0.0
PVS,11:04:37,Buy Up,500.0,38500.0,0.0
PVS,11:03:48,Buy Up,4900.0,38500.0,0.0
PVS,11:03:47,Sell Down,20000.0,38500.0,0.0
PVS,11:03:41,Sell Down,100.0,38500.0,0.0
PVS,11:03:26,Sell Down,10000.0,38500.0,0.0
PVS,11:03:21,Sell Down,83000.0,38500.0,100.0
PVS,11:03:16,Sell Down,10000.0,38400.0,-100.0
PVS,11:03:08,Buy Up,400.0,38500.0,100.0
PVS,11:01:50,Sell Down,500.0,38400.0,0.0
PVS,11:01:49,Sell Down,26200.0,38400.0,100.0
PVS,11:01:27,Sell Down,200.0,38300.0,-100.0
PVS,11:01:25,Buy Up,1000.0,38400.0,0.0
PVS,11:01:14,Buy Up,5000.0,38400.0,0.0
PVS,11:00:56,Buy Up,100.0,38400.0,0.0
PVS,11:00:34,Buy Up,2000.0,38400.0,0.0
PVS,11:00:06,Buy Up,2000.0,38400.0,0.0
PVS,11:00:05,Buy Up,4300.0,38400.0,0.0
PVS,10:59:57,Buy Up,1500.0,38400.0,0.0
PVS,10:58:45,Buy Up,5000.0,38400.0,0.0
PVS,10:58:44,Buy Up,1000.0,38400.0,100.0
PVS,10:58:33,Sell Down,200.0,38300.0,-100.0
PVS,10:57:16,Buy Up,13700.0,38400.0,0.0
PVS,10:57:00,Sell Down,300.0,38400.0,0.0
PVS,10:56:31,Sell Down,200.0,38400.0,0.0
PVS,10:55:02,Sell Down,1000.0,38400.0,0.0
PVS,10:54:34,Sell Down,200.0,38400.0,0.0
PVS,10:54:13,Buy Up,4800.0,38400.0,0.0
PVS,10:54:09,Sell Down,400.0,38400.0,0.0
PVS,10:52:50,Sell Down,2000.0,38400.0,0.0
PVS,10:52:29,Sell Down,9000.0,38400.0,0.0
PVS,10:51:39,Sell Down,3000.0,38400.0,0.0
PVS,10:49:16,Sell Down,300.0,38400.0,0.0
PVS,10:49:13,Sell Down,1800.0,38400.0,0.0
PVS,10:49:09,Buy Up,500.0,38400.0,0.0
PVS,10:49:08,Buy Up,100.0,38400.0,0.0
PVS,10:48:37,Buy Up,100.0,38400.0,0.0
PVS,10:48:23,Buy Up,400.0,38400.0,0.0
PVS,10:45:52,Buy Up,3400.0,38400.0,0.0
PVS,10:45:26,Sell Down,500.0,38400.0,0.0
PVS,10:45:08,Sell Down,7000.0,38400.0,0.0
PVS,10:44:46,Sell Down,1000.0,38400.0,0.0
PVS,10:44:14,Sell Down,1000.0,38400.0,0.0
PVS,10:44:06,Sell Down,1000.0,38400.0,0.0
PVS,10:42:53,Sell Down,2900.0,38400.0,0.0
PVS,10:42:49,Sell Down,2000.0,38400.0,0.0
PVS,10:41:49,Sell Down,2000.0,38400.0,0.0
PVS,10:41:46,Sell Down,200.0,38400.0,0.0
PVS,10:40:18,Sell Down,300.0,38400.0,0.0
PVS,10:39:51,Sell Down,500.0,38400.0,0.0
PVS,10:39:42,Sell Down,2000.0,38400.0,100.0
PVS,10:38:56,Sell Down,58100.0,38300.0,-100.0
PVS,10:38:55,Sell Down,41900.0,38400.0,0.0
PVS,10:38:35,Sell Down,500.0,38400.0,-100.0
PVS,10:37:51,Buy Up,300.0,38500.0,0.0
PVS,10:34:33,Buy Up,300.0,38500.0,0.0
PVS,10:33:39,Buy Up,1000.0,38500.0,0.0
PVS,10:33:17,Buy Up,50000.0,38500.0,0.0
PVS,10:32:57,Buy Up,200.0,38500.0,0.0
PVS,10:32:38,Buy Up,20000.0,38500.0,0.0
PVS,10:31:43,Buy Up,300.0,38500.0,0.0
PVS,10:31:37,Buy Up,100.0,38500.0,0.0
PVS,10:31:16,Buy Up,500.0,38500.0,0.0
PVS,10:30:20,Buy Up,100.0,38500.0,100.0
PVS,10:30:13,Sell Down,200.0,38400.0,0.0
PVS,10:30:11,Sell Down,100.0,38400.0,0.0
PVS,10:28:45,Sell Down,9000.0,38400.0,0.0
PVS,10:28:42,Sell Down,1200.0,38400.0,0.0
PVS,10:28:36,Sell Down,10000.0,38400.0,0.0
PVS,10:27:54,Sell Down,100.0,38400.0,0.0
PVS,10:27:07,Sell Down,200.0,38400.0,0.0
PVS,10:26:01,Sell Down,300.0,38400.0,-100.0
PVS,10:25:41,Buy Up,500.0,38500.0,100.0
PVS,10:25:36,Sell Down,10000.0,38400.0,0.0
PVS,10:25:18,Sell Down,3000.0,38400.0,0.0
PVS,10:25:07,Sell Down,100.0,38400.0,0.0
PVS,10:23:29,Sell Down,200.0,38400.0,0.0
PVS,10:22:47,Sell Down,10000.0,38400.0,-100.0
PVS,10:21:35,Buy Up,1200.0,38500.0,100.0
PVS,10:21:29,Sell Down,5900.0,38400.0,-100.0
PVS,10:21:22,Buy Up,1000.0,38500.0,0.0
PVS,10:19:22,Buy Up,300.0,38500.0,0.0
PVS,10:17:32,Buy Up,500.0,38500.0,100.0
PVS,10:15:37,Sell Down,5000.0,38400.0,-100.0
PVS,10:14:58,Buy Up,400.0,38500.0,0.0
PVS,10:14:39,Buy Up,5000.0,38500.0,100.0
PVS,10:14:13,Sell Down,30000.0,38400.0,-100.0
PVS,10:13:44,Buy Up,100.0,38500.0,0.0
PVS,10:13:25,Buy Up,1200.0,38500.0,-100.0
PVS,10:12:46,Buy Up,100.0,38600.0,100.0
PVS,10:12:40,Buy Up,1000.0,38500.0,0.0
PVS,10:12:37,Buy Up,200.0,38500.0,0.0
PVS,10:12:14,Buy Up,200.0,38500.0,0.0
PVS,10:12:11,Buy Up,200.0,38500.0,0.0
PVS,10:12:10,Buy Up,2000.0,38500.0,0.0
PVS,10:11:55,Buy Up,10000.0,38500.0,0.0
PVS,10:11:42,Buy Up,100.0,38500.0,0.0
PVS,10:11:18,Buy Up,1000.0,38500.0,0.0
PVS,10:10:54,Buy Up,100.0,38500.0,0.0
PVS,10:10:49,Buy Up,500.0,38500.0,0.0
PVS,10:10:47,Buy Up,200.0,38500.0,0.0
PVS,10:10:31,Buy Up,1500.0,38500.0,0.0
PVS,10:10:00,Buy Up,100.0,38500.0,0.0
PVS,10:09:53,Buy Up,1000.0,38500.0,0.0
PVS,10:09:46,Buy Up,10000.0,38500.0,0.0
PVS,10:09:26,Buy Up,100.0,38500.0,100.0
PVS,10:09:07,Sell Down,100.0,38400.0,-100.0
PVS,10:09:06,Buy Up,1000.0,38500.0,100.0
PVS,10:08:59,Sell Down,1000.0,38400.0,0.0
PVS,10:08:12,Sell Down,5000.0,38400.0,-100.0
PVS,10:07:38,Buy Up,100.0,38500.0,0.0
PVS,10:07:34,Buy Up,200.0,38500.0,0.0
PVS,10:07:30,Buy Up,100.0,38500.0,0.0
PVS,10:07:12,Sell Down,1700.0,38500.0,0.0
PVS,10:06:45,Sell Down,200.0,38500.0,0.0
PVS,10:06:44,Sell Down,8600.0,38500.0,0.0
PVS,10:06:41,Sell Down,1400.0,38500.0,0.0
PVS,10:06:20,Sell Down,20000.0,38500.0,0.0
PVS,10:05:11,Sell Down,1000.0,38500.0,0.0
PVS,10:05:04,Sell Down,10000.0,38500.0,0.0
PVS,10:04:52,Sell Down,11000.0,38500.0,0.0
PVS,10:04:46,Sell Down,2000.0,38500.0,0.0
PVS,10:04:08,Sell Down,100.0,38500.0,0.0
PVS,10:04:01,Sell Down,600.0,38500.0,0.0
PVS,10:03:21,Sell Down,10000.0,38500.0,0.0
PVS,10:03:17,Sell Down,2000.0,38500.0,0.0
PVS,10:03:15,Sell Down,700.0,38500.0,0.0
PVS,10:02:42,Sell Down,100.0,38500.0,0.0
PVS,10:02:07,Sell Down,14600.0,38500.0,0.0
PVS,10:02:03,Sell Down,2000.0,38500.0,-100.0
PVS,10:01:15,Buy Up,500.0,38600.0,100.0
PVS,10:00:33,Sell Down,300.0,38500.0,0.0
PVS,10:00:25,Sell Down,1700.0,38500.0,0.0
PVS,10:00:19,Sell Down,500.0,38500.0,0.0
PVS,10:00:12,Sell Down,300.0,38500.0,0.0
PVS,09:59:44,Sell Down,2000.0,38500.0,-100.0
PVS,09:59:03,Buy Up,6000.0,38600.0,100.0
PVS,09:58:46,Sell Down,200.0,38500.0,0.0
PVS,09:58:35,Sell Down,500.0,38500.0,0.0
PVS,09:58:34,Sell Down,1500.0,38500.0,0.0
PVS,09:57:38,Sell Down,500.0,38500.0,0.0
PVS,09:56:55,Sell Down,10000.0,38500.0,0.0
PVS,09:56:23,Sell Down,200.0,38500.0,0.0
PVS,09:56:03,Sell Down,400.0,38500.0,-100.0
PVS,09:55:12,Buy Up,600.0,38600.0,0.0
PVS,09:54:42,Buy Up,7000.0,38600.0,0.0
PVS,09:54:38,Buy Up,500.0,38600.0,0.0
PVS,09:54:11,Buy Up,5000.0,38600.0,0.0
PVS,09:53:54,Buy Up,500.0,38600.0,0.0
PVS,09:53:33,Buy Up,2800.0,38600.0,0.0
PVS,09:52:52,Buy Up,500.0,38600.0,0.0
PVS,09:52:48,Buy Up,2000.0,38600.0,0.0
PVS,09:52:25,Buy Up,100.0,38600.0,0.0
PVS,09:52:18,Buy Up,1500.0,38600.0,0.0
PVS,09:52:16,Buy Up,100.0,38600.0,0.0
PVS,09:52:12,Buy Up,900.0,38600.0,0.0
PVS,09:51:41,Buy Up,100.0,38600.0,100.0
PVS,09:51:38,Sell Down,1000.0,38500.0,-100.0
PVS,09:51:31,Buy Up,2000.0,38600.0,0.0
PVS,09:51:25,Buy Up,2000.0,38600.0,0.0
PVS,09:50:56,Buy Up,200.0,38600.0,0.0
PVS,09:50:53,Buy Up,700.0,38600.0,0.0
PVS,09:50:44,Buy Up,5000.0,38600.0,0.0
PVS,09:50:10,Buy Up,500.0,38600.0,0.0
PVS,09:49:55,Sell Down,8100.0,38600.0,0.0
PVS,09:49:17,Sell Down,500.0,38600.0,0.0
PVS,09:49:07,Sell Down,200.0,38600.0,0.0
PVS,09:48:56,Sell Down,600.0,38600.0,0.0
PVS,09:48:53,Buy Up,200.0,38600.0,0.0
PVS,09:48:47,Buy Up,1300.0,38600.0,0.0
PVS,09:48:45,Buy Up,5000.0,38600.0,0.0
PVS,09:48:30,Buy Up,100.0,38600.0,0.0
PVS,09:48:07,Sell Down,300.0,38600.0,0.0
PVS,09:48:03,Sell Down,100.0,38600.0,0.0
PVS,09:47:59,Buy Up,500.0,38600.0,0.0
PVS,09:47:52,Buy Up,6000.0,38600.0,0.0
PVS,09:47:46,Buy Up,1000.0,38600.0,0.0
PVS,09:47:28,Buy Up,30000.0,38600.0,0.0
PVS,09:47:23,Buy Up,200.0,38600.0,0.0
PVS,09:47:01,Buy Up,3000.0,38600.0,0.0
PVS,09:46:51,Buy Up,50000.0,38600.0,0.0
PVS,09:45:36,Buy Up,500.0,38600.0,100.0
PVS,09:45:28,Sell Down,10000.0,38500.0,0.0
PVS,09:44:53,Sell Down,200.0,38500.0,-100.0
PVS,09:44:48,Buy Up,1000.0,38600.0,100.0
PVS,09:44:05,Buy Up,6000.0,38500.0,0.0
PVS,09:44:02,Buy Up,200.0,38500.0,0.0
PVS,09:43:57,Buy Up,200.0,38500.0,0.0
PVS,09:43:51,Buy Up,1000.0,38500.0,0.0
PVS,09:43:47,Buy Up,30000.0,38500.0,0.0
PVS,09:43:24,Buy Up,1000.0,38500.0,100.0
PVS,09:43:18,Sell Down,2000.0,38400.0,0.0
PVS,09:42:42,Sell Down,1200.0,38400.0,0.0
PVS,09:40:56,Sell Down,1000.0,38400.0,0.0
PVS,09:40:51,Sell Down,500.0,38400.0,0.0
PVS,09:40:37,Sell Down,1000.0,38400.0,0.0
PVS,09:40:02,Sell Down,5000.0,38400.0,-100.0
PVS,09:39:30,Buy Up,8800.0,38500.0,0.0
PVS,09:39:06,Buy Up,3000.0,38500.0,0.0
PVS,09:39:05,Buy Up,100.0,38500.0,0.0
PVS,09:39:01,Buy Up,20000.0,38500.0,0.0
PVS,09:38:48,Buy Up,500.0,38500.0,0.0
PVS,09:38:32,Buy Up,100.0,38500.0,0.0
PVS,09:38:22,Buy Up,300.0,38500.0,100.0
PVS,09:38:00,Sell Down,100.0,38400.0,-100.0
PVS,09:37:51,Buy Up,200.0,38500.0,0.0
PVS,09:37:42,Buy Up,400.0,38500.0,0.0
PVS,09:37:38,Buy Up,300.0,38500.0,0.0
PVS,09:37:23,Buy Up,100.0,38500.0,0.0
PVS,09:37:15,Sell Down,1800.0,38500.0,0.0
PVS,09:36:50,Sell Down,1000.0,38500.0,0.0
PVS,09:36:18,Sell Down,500.0,38500.0,0.0
PVS,09:36:16,Sell Down,3000.0,38500.0,0.0
PVS,09:35:37,Buy Up,3200.0,38500.0,0.0
PVS,09:35:30,Sell Down,11800.0,38500.0,0.0
PVS,09:35:29,Sell Down,3000.0,38500.0,0.0
PVS,09:35:22,Sell Down,3000.0,38500.0,-100.0
PVS,09:35:13,Buy Up,400.0,38600.0,100.0
PVS,09:35:03,Sell Down,100.0,38500.0,0.0
PVS,09:35:01,Sell Down,3000.0,38500.0,0.0
PVS,09:34:58,Sell Down,100.0,38500.0,0.0
PVS,09:34:56,Sell Down,200.0,38500.0,0.0
PVS,09:34:28,Sell Down,2000.0,38500.0,0.0
PVS,09:34:18,Sell Down,800.0,38500.0,0.0
PVS,09:34:13,Sell Down,1900.0,38500.0,0.0
PVS,09:33:46,Buy Up,400.0,38500.0,0.0
PVS,09:33:41,Buy Up,1000.0,38500.0,0.0
PVS,09:33:40,Buy Up,200.0,38500.0,0.0
PVS,09:33:30,Buy Up,2000.0,38500.0,0.0
PVS,09:33:19,Sell Down,126400.0,38500.0,0.0
PVS,09:32:56,Sell Down,5000.0,38500.0,0.0
PVS,09:32:10,Sell Down,100.0,38500.0,-100.0
PVS,09:31:56,Buy Up,300.0,38600.0,0.0
PVS,09:31:45,Buy Up,300.0,38600.0,100.0
PVS,09:31:44,Sell Down,100.0,38500.0,0.0
PVS,09:31:42,Sell Down,500.0,38500.0,-100.0
PVS,09:31:13,Buy Up,3000.0,38600.0,100.0
PVS,09:30:50,Sell Down,700.0,38500.0,-100.0
PVS,09:30:35,Buy Up,300.0,38600.0,100.0
PVS,09:30:29,Sell Down,500.0,38500.0,0.0
PVS,09:30:08,Sell Down,1000.0,38500.0,0.0
PVS,09:30:01,Sell Down,2000.0,38500.0,0.0
PVS,09:29:48,Sell Down,5000.0,38500.0,0.0
PVS,09:29:33,Sell Down,800.0,38500.0,0.0
PVS,09:29:17,Sell Down,1000.0,38500.0,0.0
PVS,09:29:05,Sell Down,500.0,38500.0,0.0
PVS,09:28:04,Sell Down,100.0,38500.0,0.0
PVS,09:27:56,Sell Down,500.0,38500.0,-100.0
PVS,09:27:44,Buy Up,11300.0,38600.0,0.0
PVS,09:27:39,Buy Up,100.0,38600.0,0.0
PVS,09:27:37,Buy Up,5600.0,38600.0,0.0
PVS,09:27:30,Buy Up,200.0,38600.0,0.0
PVS,09:27:12,Buy Up,100.0,38600.0,0.0
PVS,09:26:53,Buy Up,100.0,38600.0,0.0
PVS,09:26:32,Buy Up,1000.0,38600.0,0.0
PVS,09:26:26,Buy Up,1000.0,38600.0,0.0
PVS,09:26:22,Buy Up,10300.0,38600.0,0.0
PVS,09:26:21,Sell Down,1000.0,38600.0,0.0
PVS,09:26:20,Sell Down,2200.0,38600.0,0.0
PVS,09:26:19,Sell Down,5000.0,38600.0,0.0
PVS,09:26:16,Sell Down,10000.0,38600.0,0.0
PVS,09:26:13,Sell Down,100.0,38600.0,0.0
PVS,09:26:11,Sell Down,2300.0,38600.0,0.0
PVS,09:26:05,Sell Down,700.0,38600.0,0.0
PVS,09:26:04,Sell Down,300.0,38600.0,0.0
PVS,09:25:57,Sell Down,5000.0,38600.0,0.0
PVS,09:25:55,Sell Down,1000.0,38600.0,0.0
PVS,09:25:54,Sell Down,50000.0,38600.0,0.0
PVS,09:25:53,Sell Down,2000.0,38600.0,0.0
PVS,09:25:49,Sell Down,1300.0,38600.0,0.0
PVS,09:25:29,Sell Down,13000.0,38600.0,0.0
PVS,09:25:27,Sell Down,500.0,38600.0,0.0
PVS,09:25:21,Sell Down,6000.0,38600.0,0.0
PVS,09:25:19,Sell Down,200.0,38600.0,0.0
PVS,09:25:02,Sell Down,5500.0,38600.0,-100.0
PVS,09:24:46,Buy Up,5000.0,38700.0,0.0
PVS,09:24:13,Buy Up,1000.0,38700.0,0.0
PVS,09:23:58,Buy Up,100.0,38700.0,0.0
PVS,09:23:48,Buy Up,300.0,38700.0,0.0
PVS,09:23:41,Buy Up,400.0,38700.0,0.0
PVS,09:23:31,Buy Up,1900.0,38700.0,0.0
PVS,09:23:24,Buy Up,500.0,38700.0,0.0
PVS,09:23:19,Buy Up,100.0,38700.0,0.0
PVS,09:23:17,Buy Up,1000.0,38700.0,0.0
PVS,09:23:13,Buy Up,1000.0,38700.0,0.0
PVS,09:23:09,Buy Up,1500.0,38700.0,0.0
PVS,09:22:56,Buy Up,200.0,38700.0,0.0
PVS,09:22:51,Buy Up,1100.0,38700.0,0.0
PVS,09:22:40,Buy Up,200.0,38700.0,0.0
PVS,09:22:32,Buy Up,300.0,38700.0,0.0
PVS,09:22:28,Buy Up,500.0,38700.0,0.0
PVS,09:22:25,Buy Up,100.0,38700.0,0.0
PVS,09:22:22,Buy Up,200.0,38700.0,0.0
PVS,09:22:05,Buy Up,13900.0,38700.0,0.0
PVS,09:21:48,Sell Down,5400.0,38700.0,0.0
PVS,09:21:43,Buy Up,200.0,38700.0,100.0
PVS,09:21:34,Sell Down,400.0,38600.0,-200.0
PVS,09:21:12,Buy Up,32000.0,38800.0,100.0
PVS,09:21:07,Buy Up,6000.0,38700.0,0.0
PVS,09:21:02,Buy Up,200.0,38700.0,0.0
PVS,09:20:49,Buy Up,2000.0,38700.0,0.0
PVS,09:20:46,Buy Up,300.0,38700.0,0.0
PVS,09:20:43,Buy Up,200.0,38700.0,0.0
PVS,09:20:42,Sell Down,2600.0,38700.0,0.0
PVS,09:20:40,Sell Down,1700.0,38700.0,0.0
PVS,09:20:31,Buy Up,5600.0,38700.0,0.0
PVS,09:20:26,Sell Down,10000.0,38700.0,-100.0
PVS,09:20:19,Buy Up,100.0,38800.0,100.0
PVS,09:20:10,Sell Down,100.0,38700.0,-100.0
PVS,09:20:09,Buy Up,100.0,38800.0,0.0
PVS,09:20:01,Buy Up,2900.0,38800.0,0.0
PVS,09:19:54,Buy Up,10000.0,38800.0,100.0
PVS,09:19:53,Sell Down,10000.0,38700.0,-100.0
PVS,09:19:43,Buy Up,1300.0,38800.0,100.0
PVS,09:19:40,Sell Down,600.0,38700.0,-100.0
PVS,09:19:25,Buy Up,1000.0,38800.0,100.0
PVS,09:19:24,Sell Down,200.0,38700.0,-100.0
PVS,09:19:18,Buy Up,1000.0,38800.0,100.0
PVS,09:19:15,Sell Down,500.0,38700.0,-100.0
PVS,09:19:07,Buy Up,600.0,38800.0,0.0
PVS,09:19:04,Buy Up,2000.0,38800.0,0.0
PVS,09:18:54,Buy Up,1500.0,38800.0,0.0
PVS,09:18:51,Buy Up,1000.0,38800.0,0.0
PVS,09:18:48,Buy Up,500.0,38800.0,100.0
PVS,09:18:47,Sell Down,5000.0,38700.0,0.0
PVS,09:18:34,Sell Down,10000.0,38700.0,0.0
PVS,09:18:33,Sell Down,100.0,38700.0,-100.0
PVS,09:18:29,Buy Up,100.0,38800.0,100.0
PVS,09:18:24,Sell Down,500.0,38700.0,0.0
PVS,09:18:22,Sell Down,9200.0,38700.0,0.0
PVS,09:18:21,Buy Up,1000.0,38700.0,0.0
PVS,09:18:20,Buy Up,8000.0,38700.0,0.0
PVS,09:18:19,Buy Up,2000.0,38700.0,0.0
PVS,09:18:18,Buy Up,1100.0,38700.0,0.0
PVS,09:18:13,Buy Up,38800.0,38700.0,0.0
PVS,09:17:52,Buy Up,500.0,38700.0,0.0
PVS,09:17:51,Buy Up,500.0,38700.0,0.0
PVS,09:17:37,Buy Up,1000.0,38700.0,0.0
PVS,09:17:33,Buy Up,500.0,38700.0,0.0
PVS,09:17:29,Buy Up,500.0,38700.0,0.0
PVS,09:17:26,Buy Up,1000.0,38700.0,0.0
PVS,09:17:20,Buy Up,500.0,38700.0,0.0
PVS,09:17:08,Buy Up,500.0,38700.0,0.0
PVS,09:17:05,Buy Up,300.0,38700.0,0.0
PVS,09:17:02,Buy Up,100.0,38700.0,0.0
PVS,09:17:01,Buy Up,300.0,38700.0,0.0
PVS,09:17:00,Buy Up,200.0,38700.0,0.0
PVS,09:16:51,Buy Up,700.0,38700.0,0.0
PVS,09:16:44,Buy Up,300.0,38700.0,0.0
PVS,09:16:40,Buy Up,400.0,38700.0,0.0
PVS,09:16:18,Buy Up,2000.0,38700.0,100.0
PVS,09:16:15,Sell Down,100.0,38600.0,-100.0
PVS,09:16:13,Buy Up,5100.0,38700.0,100.0
PVS,09:16:07,Sell Down,500.0,38600.0,0.0
PVS,09:16:02,Sell Down,1300.0,38600.0,0.0
PVS,09:15:57,Sell Down,10000.0,38600.0,0.0
PVS,09:15:52,Sell Down,700.0,38600.0,0.0
PVS,09:15:50,Buy Up,5200.0,38600.0,0.0
PVS,09:15:48,Buy Up,1000.0,38600.0,0.0
PVS,09:15:47,Buy Up,200.0,38600.0,0.0
PVS,09:15:46,Buy Up,21000.0,38600.0,0.0
PVS,09:15:45,Buy Up,8500.0,38600.0,0.0
PVS,09:15:44,Buy Up,3000.0,38600.0,0.0
PVS,09:15:42,Buy Up,20000.0,38600.0,0.0
PVS,09:15:39,Buy Up,1200.0,38600.0,0.0
PVS,09:15:37,Buy Up,20000.0,38600.0,0.0
PVS,09:15:11,Buy Up,1000.0,38600.0,0.0
PVS,09:14:50,Buy Up,2100.0,38600.0,0.0
PVS,09:14:49,Buy Up,700.0,38600.0,0.0
PVS,09:14:48,Buy Up,500.0,38600.0,0.0
PVS,09:14:36,Buy Up,100.0,38600.0,100.0
PVS,09:14:27,Sell Down,1000.0,38500.0,0.0
PVS,09:14:22,Sell Down,20000.0,38500.0,0.0
PVS,09:14:12,Sell Down,1000.0,38500.0,0.0
PVS,09:14:07,Sell Down,20000.0,38500.0,0.0
PVS,09:13:54,Sell Down,51900.0,38500.0,0.0
PVS,09:13:38,Buy Up,2000.0,38500.0,0.0
PVS,09:13:22,Buy Up,1300.0,38500.0,0.0
PVS,09:13:11,Buy Up,500.0,38500.0,0.0
PVS,09:13:10,Buy Up,500.0,38500.0,0.0
PVS,09:12:23,Buy Up,100.0,38500.0,0.0
PVS,09:12:18,Buy Up,5000.0,38500.0,0.0
PVS,09:12:08,Buy Up,2000.0,38500.0,0.0
PVS,09:12:01,Buy Up,2000.0,38500.0,0.0
PVS,09:12:00,Buy Up,600.0,38500.0,0.0
PVS,09:11:55,Buy Up,500.0,38500.0,0.0
PVS,09:11:47,Buy Up,2000.0,38500.0,0.0
PVS,09:11:45,Buy Up,31800.0,38500.0,0.0
PVS,09:11:36,Sell Down,2300.0,38500.0,0.0
PVS,09:11:16,Sell Down,1000.0,38500.0,0.0
PVS,09:11:11,Sell Down,300.0,38500.0,0.0
PVS,09:11:10,Sell Down,10000.0,38500.0,0.0
PVS,09:11:07,Sell Down,5000.0,38500.0,0.0
PVS,09:11:06,Sell Down,100.0,38500.0,0.0
PVS,09:11:04,Sell Down,1000.0,38500.0,0.0
PVS,09:11:03,Sell Down,5000.0,38500.0,0.0
PVS,09:11:00,Sell Down,10000.0,38500.0,0.0
PVS,09:10:58,Sell Down,1000.0,38500.0,0.0
PVS,09:10:42,Sell Down,4000.0,38500.0,0.0
PVS,09:10:18,Sell Down,3000.0,38500.0,0.0
PVS,09:10:11,Sell Down,100.0,38500.0,0.0
PVS,09:10:00,Sell Down,100.0,38500.0,-100.0
PVS,09:09:59,Buy Up,2000.0,38600.0,100.0
PVS,09:09:52,Sell Down,4200.0,38500.0,-100.0
PVS,09:09:26,Buy Up,6000.0,38600.0,100.0
PVS,09:09:19,Sell Down,9000.0,38500.0,0.0
PVS,09:09:16,Sell Down,5000.0,38500.0,0.0
PVS,09:08:58,Sell Down,2000.0,38500.0,0.0
PVS,09:08:56,Sell Down,2000.0,38500.0,0.0
PVS,09:08:22,Sell Down,200.0,38500.0,-100.0
PVS,09:08:15,Buy Up,200.0,38600.0,100.0
PVS,09:08:13,Sell Down,1000.0,38500.0,-100.0
PVS,09:08:05,Buy Up,1000.0,38600.0,0.0
PVS,09:08:04,Buy Up,500.0,38600.0,0.0
PVS,09:07:44,Buy Up,100.0,38600.0,0.0
PVS,09:07:24,Buy Up,100.0,38600.0,0.0
PVS,09:07:21,Buy Up,200.0,38600.0,0.0
PVS,09:07:17,Buy Up,100.0,38600.0,0.0
PVS,09:07:09,Buy Up,11900.0,38600.0,0.0
PVS,09:07:02,Buy Up,500.0,38600.0,0.0
PVS,09:06:55,Buy Up,300.0,38600.0,0.0
PVS,09:06:36,Buy Up,2000.0,38600.0,0.0
PVS,09:06:32,Buy Up,2000.0,38600.0,100.0
PVS,09:06:31,Sell Down,1000.0,38500.0,-100.0
PVS,09:06:17,Buy Up,100.0,38600.0,0.0
PVS,09:06:11,Buy Up,2000.0,38600.0,0.0
PVS,09:06:06,Buy Up,5000.0,38600.0,0.0
PVS,09:06:05,Buy Up,200.0,38600.0,100.0
PVS,09:05:55,Sell Down,1000.0,38500.0,0.0
PVS,09:04:27,Sell Down,200.0,38500.0,-100.0
PVS,09:03:53,Buy Up,100.0,38600.0,100.0
PVS,09:03:33,Sell Down,2000.0,38500.0,-100.0
PVS,09:03:32,Buy Up,300.0,38600.0,100.0
PVS,09:03:18,Sell Down,1000.0,38500.0,0.0
PVS,09:02:52,Sell Down,1000.0,38500.0,0.0
PVS,09:02:43,Sell Down,2600.0,38500.0,0.0
PVS,09:02:40,Buy Up,200.0,38500.0,0.0
PVS,09:02:34,Buy Up,800.0,38500.0,0.0
PVS,09:02:27,Sell Down,1000.0,38500.0,-100.0
PVS,09:02:26,Buy Up,1000.0,38600.0,100.0
PVS,09:02:25,Sell Down,1000.0,38500.0,0.0
PVS,09:02:19,Sell Down,500.0,38500.0,-100.0
PVS,09:02:15,Buy Up,2000.0,38600.0,100.0
PVS,09:02:09,Sell Down,200.0,38500.0,-100.0
PVS,09:02:07,Buy Up,200.0,38600.0,100.0
PVS,09:02:05,Sell Down,1000.0,38500.0,0.0
PVS,09:01:44,Sell Down,200.0,38500.0,-100.0
PVS,09:01:38,Buy Up,100.0,38600.0,100.0
PVS,09:01:27,Buy Up,3100.0,38500.0,0.0
PVS,09:01:26,Buy Up,300.0,38500.0,0.0
PVS,09:01:25,Buy Up,500.0,38500.0,0.0
PVS,09:01:23,Buy Up,1200.0,38500.0,0.0
PVS,09:01:20,Buy Up,5000.0,38500.0,0.0
PVS,09:01:17,Buy Up,300.0,38500.0,0.0
PVS,09:01:07,Buy Up,200.0,38500.0,100.0
PVS,09:01:01,Sell Down,1000.0,38400.0,0.0
PVS,09:01:00,Buy Up,2000.0,38400.0,0.0
PVS,09:00:59,Buy Up,2500.0,38400.0,0.0
PVS,09:00:49,Buy Up,10000.0,38400.0,-100.0
PVS,09:00:41,Buy Up,100.0,38500.0,0.0
PVS,09:00:36,Buy Up,600.0,38500.0,100.0
PVS,09:00:35,Sell Down,4100.0,38400.0,100.0
PVS,09:00:22,Sell Down,800.0,38300.0,100.0
PVS,09:00:17,Sell Down,400.0,38200.0,-100.0
PVS,09:00:15,Buy Up,100.0,38300.0,100.0
PVS,09:00:10,Sell Down,600.0,38200.0,0.0
PVS,09:00:03,Sell Down,500.0,38200.0,-100.0
PVS,09:00:02,Buy Up,100.0,38300.0,0.0
