ticker,time,orderType,volume,price,prevPriceChange
DXS,10:45:09,Sell Down,500,7660.0,0.0
DXS,10:44:51,Sell Down,100,7660.0,0.0
DXS,10:44:45,Sell Down,1200,7660.0,0.0
DXS,10:44:43,Buy Up,4000,7660.0,0.0
DXS,10:44:40,Buy Up,10300,7660.0,0.0
DXS,10:44:36,Buy Up,9300,7660.0,0.0
DXS,10:44:36,Buy Up,500,7660.0,0.0
DXS,10:44:36,Buy Up,3900,7660.0,0.0
DXS,10:44:36,Buy Up,10000,7660.0,0.0
DXS,10:44:36,Sell Down,500,7660.0,0.0
DXS,10:44:36,Sell Down,100,7660.0,0.0
DXS,10:44:36,Sell Down,200,7660.0,-10.0
DXS,10:44:36,Sell Down,10000,7670.0,10.0
DXS,10:44:19,Sell Down,500,7660.0,0.0
DXS,10:44:19,Sell Down,200,7660.0,0.0
DXS,10:44:19,Sell Down,5300,7660.0,0.0
DXS,10:44:19,Sell Down,100,7660.0,0.0
DXS,10:44:19,Sell Down,300,7660.0,0.0
DXS,10:44:19,Sell Down,10000,7660.0,0.0
DXS,10:44:19,Sell Down,1500,7660.0,0.0
DXS,10:44:19,Sell Down,1700,7660.0,0.0
DXS,10:44:19,Sell Down,8600,7660.0,-10.0
DXS,10:44:19,Sell Down,1800,7670.0,0.0
DXS,10:44:15,Buy Up,1200,7670.0,0.0
DXS,10:44:11,Buy Up,3800,7670.0,0.0
DXS,10:44:11,Buy Up,2000,7670.0,0.0
DXS,10:44:11,Buy Up,4200,7670.0,10.0
DXS,10:44:09,Sell Down,300,7660.0,-10.0
DXS,10:43:35,Buy Up,100,7670.0,0.0
DXS,10:43:30,Buy Up,400,7670.0,0.0
DXS,10:43:27,Buy Up,600,7670.0,0.0
DXS,10:43:27,Buy Up,1000,7670.0,0.0
DXS,10:43:10,Sell Down,1000,7670.0,0.0
DXS,10:43:10,Sell Down,500,7670.0,0.0
DXS,10:43:10,Sell Down,500,7670.0,0.0
DXS,10:43:07,Buy Up,3500,7670.0,0.0
DXS,10:43:06,Buy Up,2000,7670.0,0.0
DXS,10:43:06,Buy Up,4500,7670.0,0.0
DXS,10:40:20,Buy Up,100,7670.0,0.0
DXS,10:40:19,Buy Up,400,7670.0,0.0
DXS,10:40:19,Buy Up,100,7670.0,0.0
DXS,10:39:15,Buy Up,100,7670.0,0.0
DXS,10:38:35,Buy Up,100,7670.0,0.0
DXS,10:38:30,Buy Up,600,7670.0,0.0
DXS,10:38:26,Sell Down,1500,7670.0,0.0
DXS,10:38:26,Sell Down,200,7670.0,0.0
DXS,10:38:26,Sell Down,500,7670.0,0.0
DXS,10:37:21,Sell Down,1100,7670.0,0.0
DXS,10:37:21,Sell Down,900,7670.0,0.0
DXS,10:37:21,Sell Down,3000,7670.0,0.0
DXS,10:35:54,Sell Down,500,7670.0,0.0
DXS,10:35:54,Sell Down,2000,7670.0,0.0
DXS,10:35:54,Sell Down,3000,7670.0,0.0
DXS,10:35:39,Sell Down,200,7670.0,0.0
DXS,10:34:48,Sell Down,300,7670.0,0.0
DXS,10:34:31,Sell Down,200,7670.0,0.0
DXS,10:34:01,Sell Down,1500,7670.0,0.0
DXS,10:34:01,Sell Down,800,7670.0,0.0
DXS,10:34:01,Sell Down,300,7670.0,0.0
DXS,10:34:01,Sell Down,200,7670.0,0.0
DXS,10:34:01,Sell Down,200,7670.0,-10.0
DXS,10:33:30,Buy Up,300,7680.0,0.0
DXS,10:33:29,Buy Up,1000,7680.0,0.0
DXS,10:33:14,Buy Up,100,7680.0,0.0
DXS,10:33:08,Sell Down,100,7680.0,0.0
DXS,10:32:40,Buy Up,100,7680.0,0.0
DXS,10:32:35,Buy Up,1100,7680.0,0.0
DXS,10:32:30,Sell Down,700,7680.0,0.0
DXS,10:32:30,Sell Down,3100,7680.0,0.0
DXS,10:32:09,Buy Up,1900,7680.0,0.0
DXS,10:32:06,Buy Up,600,7680.0,0.0
DXS,10:32:01,Buy Up,2000,7680.0,0.0
DXS,10:31:45,Buy Up,300,7680.0,0.0
DXS,10:31:45,Buy Up,1200,7680.0,10.0
DXS,10:31:35,Sell Down,200,7670.0,-10.0
DXS,10:31:15,Buy Up,100,7680.0,0.0
DXS,10:31:14,Sell Down,100,7680.0,0.0
DXS,10:31:14,Sell Down,500,7680.0,0.0
DXS,10:30:18,Buy Up,500,7680.0,0.0
DXS,10:29:48,Buy Up,100,7680.0,0.0
DXS,10:29:16,Sell Down,200,7680.0,0.0
DXS,10:29:14,Buy Up,1000,7680.0,10.0
DXS,10:28:22,Sell Down,200,7670.0,-10.0
DXS,10:28:08,Buy Up,200,7680.0,0.0
DXS,10:26:46,Buy Up,300,7680.0,0.0
DXS,10:26:42,Sell Down,1000,7680.0,0.0
DXS,10:26:31,Sell Down,200,7680.0,0.0
DXS,10:26:31,Sell Down,100,7680.0,0.0
DXS,10:26:16,Sell Down,900,7680.0,0.0
DXS,10:26:16,Sell Down,3200,7680.0,0.0
DXS,10:25:41,Buy Up,500,7680.0,0.0
DXS,10:25:41,Buy Up,500,7680.0,0.0
DXS,10:25:41,Buy Up,2300,7680.0,0.0
DXS,10:25:40,Buy Up,300,7680.0,0.0
DXS,10:25:39,Buy Up,1000,7680.0,0.0
DXS,10:24:40,Buy Up,100,7680.0,0.0
DXS,10:24:35,Buy Up,400,7680.0,0.0
DXS,10:24:35,Buy Up,100,7680.0,10.0
DXS,10:24:16,Sell Down,1000,7670.0,0.0
DXS,10:24:16,Sell Down,600,7670.0,0.0
DXS,10:24:16,Sell Down,100,7670.0,0.0
DXS,10:24:16,Sell Down,1900,7670.0,0.0
DXS,10:24:16,Sell Down,1600,7670.0,0.0
DXS,10:23:50,Sell Down,700,7670.0,0.0
DXS,10:23:43,Sell Down,200,7670.0,0.0
DXS,10:23:35,Sell Down,1000,7670.0,0.0
DXS,10:23:25,Sell Down,4300,7670.0,0.0
DXS,10:23:21,Sell Down,500,7670.0,0.0
DXS,10:23:00,Sell Down,5600,7670.0,0.0
DXS,10:22:58,Buy Up,12000,7670.0,0.0
DXS,10:22:58,Buy Up,900,7670.0,0.0
DXS,10:22:58,Buy Up,600,7670.0,0.0
DXS,10:22:58,Buy Up,23000,7670.0,0.0
DXS,10:22:58,Buy Up,3800,7670.0,0.0
DXS,10:22:58,Buy Up,200,7670.0,0.0
DXS,10:22:58,Buy Up,200,7670.0,0.0
DXS,10:22:58,Buy Up,3900,7670.0,0.0
DXS,10:22:58,Buy Up,3000,7670.0,0.0
DXS,10:22:35,Sell Down,2000,7670.0,0.0
DXS,10:22:11,Sell Down,3000,7670.0,-10.0
DXS,10:21:41,Buy Up,300,7680.0,0.0
DXS,10:21:33,Buy Up,100,7680.0,0.0
DXS,10:21:31,Sell Down,1000,7680.0,0.0
DXS,10:21:31,Sell Down,200,7680.0,0.0
DXS,10:21:12,Sell Down,100,7680.0,0.0
DXS,10:20:56,Sell Down,4500,7680.0,0.0
DXS,10:20:50,Sell Down,300,7680.0,0.0
DXS,10:20:50,Sell Down,300,7680.0,0.0
DXS,10:20:50,Sell Down,11500,7680.0,0.0
DXS,10:20:50,Sell Down,100,7680.0,0.0
DXS,10:20:50,Sell Down,1700,7680.0,0.0
DXS,10:20:50,Sell Down,100,7680.0,0.0
DXS,10:20:50,Sell Down,1500,7680.0,0.0
DXS,10:20:16,Sell Down,1000,7680.0,0.0
DXS,10:20:08,Sell Down,1000,7680.0,0.0
DXS,10:19:14,Sell Down,100,7680.0,0.0
DXS,10:18:55,Sell Down,100,7680.0,0.0
DXS,10:18:49,Sell Down,100,7680.0,0.0
DXS,10:18:31,Sell Down,400,7680.0,0.0
DXS,10:17:31,Sell Down,500,7680.0,0.0
DXS,10:16:17,Buy Up,200,7680.0,0.0
DXS,10:16:17,Buy Up,400,7680.0,0.0
DXS,10:16:17,Buy Up,4500,7680.0,0.0
DXS,10:16:00,Buy Up,300,7680.0,0.0
DXS,10:15:57,Buy Up,1000,7680.0,0.0
DXS,10:15:54,Buy Up,200,7680.0,0.0
DXS,10:15:10,Buy Up,100,7680.0,0.0
DXS,10:15:05,Buy Up,600,7680.0,0.0
DXS,10:15:03,Sell Down,300,7680.0,0.0
DXS,10:15:03,Sell Down,2000,7680.0,0.0
DXS,10:14:40,Sell Down,300,7680.0,0.0
DXS,10:14:40,Sell Down,700,7680.0,0.0
DXS,10:14:36,Buy Up,10000,7680.0,0.0
DXS,10:14:15,Buy Up,100,7680.0,0.0
DXS,10:14:10,Buy Up,400,7680.0,0.0
DXS,10:14:05,Buy Up,1500,7680.0,0.0
DXS,10:14:00,Buy Up,5100,7680.0,0.0
DXS,10:13:58,Buy Up,100,7680.0,0.0
DXS,10:13:58,Buy Up,100,7680.0,0.0
DXS,10:13:58,Buy Up,5000,7680.0,0.0
DXS,10:13:58,Buy Up,900,7680.0,0.0
DXS,10:13:58,Buy Up,10000,7680.0,0.0
DXS,10:13:58,Buy Up,600,7680.0,0.0
DXS,10:13:58,Sell Down,500,7680.0,0.0
DXS,10:13:43,Sell Down,100,7680.0,0.0
DXS,10:13:05,Sell Down,400,7680.0,0.0
DXS,10:13:05,Sell Down,700,7680.0,0.0
DXS,10:13:05,Sell Down,1300,7680.0,0.0
DXS,10:13:05,Sell Down,600,7680.0,0.0
DXS,10:12:46,Sell Down,2200,7680.0,0.0
DXS,10:12:38,Sell Down,300,7680.0,-10.0
DXS,10:11:38,Buy Up,200,7690.0,10.0
DXS,10:11:08,Sell Down,900,7680.0,0.0
DXS,10:11:08,Sell Down,1000,7680.0,0.0
DXS,10:11:08,Sell Down,500,7680.0,-10.0
DXS,10:11:00,Buy Up,200,7690.0,0.0
DXS,10:11:00,Buy Up,500,7690.0,0.0
DXS,10:11:00,Buy Up,200,7690.0,0.0
DXS,10:10:30,Buy Up,200,7690.0,0.0
DXS,10:10:25,Buy Up,700,7690.0,0.0
DXS,10:10:20,Buy Up,2400,7690.0,0.0
DXS,10:10:15,Buy Up,8100,7690.0,0.0
DXS,10:10:13,Buy Up,15400,7690.0,0.0
DXS,10:10:13,Buy Up,10000,7690.0,0.0
DXS,10:10:13,Buy Up,600,7690.0,10.0
DXS,10:10:13,Buy Up,1000,7680.0,10.0
DXS,10:10:07,Sell Down,7000,7670.0,0.0
DXS,10:10:07,Sell Down,100,7670.0,0.0
DXS,10:10:07,Sell Down,200,7670.0,0.0
DXS,10:10:07,Sell Down,2500,7670.0,0.0
DXS,10:10:07,Sell Down,100,7670.0,0.0
DXS,10:10:07,Sell Down,700,7670.0,0.0
DXS,10:10:07,Sell Down,600,7670.0,-10.0
DXS,10:10:06,Buy Up,1500,7680.0,0.0
DXS,10:10:05,Buy Up,400,7680.0,0.0
DXS,10:10:05,Buy Up,100,7680.0,0.0
DXS,10:10:00,Sell Down,100,7680.0,0.0
DXS,10:10:00,Sell Down,100,7680.0,0.0
DXS,10:10:00,Sell Down,500,7680.0,0.0
DXS,10:10:00,Sell Down,100,7680.0,0.0
DXS,10:10:00,Sell Down,100,7680.0,0.0
DXS,10:10:00,Sell Down,600,7680.0,0.0
DXS,10:09:52,Sell Down,100,7680.0,0.0
DXS,10:09:40,Sell Down,300,7680.0,0.0
DXS,10:09:40,Sell Down,200,7680.0,-10.0
DXS,10:09:30,Buy Up,100,7690.0,0.0
DXS,10:09:27,Buy Up,200,7690.0,0.0
DXS,10:09:25,Buy Up,400,7690.0,0.0
DXS,10:09:21,Buy Up,1000,7690.0,0.0
DXS,10:09:20,Buy Up,600,7690.0,0.0
DXS,10:09:19,Buy Up,300,7690.0,0.0
DXS,10:09:15,Sell Down,100,7690.0,0.0
DXS,10:09:15,Sell Down,900,7690.0,0.0
DXS,10:09:15,Sell Down,600,7690.0,0.0
DXS,10:09:15,Sell Down,100,7690.0,0.0
DXS,10:09:15,Sell Down,100,7690.0,-10.0
DXS,10:09:07,Buy Up,200,7700.0,0.0
DXS,10:09:05,Buy Up,100,7700.0,0.0
DXS,10:09:00,Buy Up,400,7700.0,0.0
DXS,10:08:55,Buy Up,1500,7700.0,0.0
DXS,10:08:54,Buy Up,3000,7700.0,0.0
DXS,10:08:54,Buy Up,2000,7700.0,10.0
DXS,10:08:44,Sell Down,800,7690.0,0.0
DXS,10:08:44,Sell Down,2200,7690.0,0.0
DXS,10:08:34,Sell Down,800,7690.0,0.0
DXS,10:08:34,Sell Down,1200,7690.0,0.0
DXS,10:08:26,Sell Down,100,7690.0,0.0
DXS,10:08:21,Sell Down,3000,7690.0,0.0
DXS,10:08:12,Buy Up,6400,7690.0,0.0
DXS,10:08:11,Buy Up,600,7690.0,0.0
DXS,10:08:11,Buy Up,3000,7690.0,0.0
DXS,10:08:09,Sell Down,2000,7690.0,0.0
DXS,10:08:01,Buy Up,100,7690.0,0.0
DXS,10:07:55,Buy Up,100,7690.0,0.0
DXS,10:07:50,Buy Up,600,7690.0,0.0
DXS,10:07:45,Buy Up,1500,7690.0,0.0
DXS,10:07:45,Buy Up,500,7690.0,0.0
DXS,10:07:44,Buy Up,5200,7690.0,0.0
DXS,10:07:36,Sell Down,200,7690.0,0.0
DXS,10:07:34,Buy Up,4800,7690.0,0.0
DXS,10:07:34,Buy Up,10000,7690.0,0.0
DXS,10:07:34,Buy Up,200,7690.0,0.0
DXS,10:07:34,Buy Up,300,7690.0,0.0
DXS,10:07:34,Buy Up,2700,7690.0,0.0
DXS,10:07:24,Buy Up,100,7690.0,0.0
DXS,10:06:55,Buy Up,100,7690.0,0.0
DXS,10:06:50,Buy Up,500,7690.0,0.0
DXS,10:06:45,Buy Up,1800,7690.0,0.0
DXS,10:06:40,Buy Up,5800,7690.0,0.0
DXS,10:06:40,Buy Up,200,7690.0,0.0
DXS,10:06:39,Buy Up,5800,7690.0,0.0
DXS,10:06:39,Buy Up,1000,7690.0,0.0
DXS,10:06:39,Buy Up,100,7690.0,0.0
DXS,10:06:39,Buy Up,10000,7690.0,0.0
DXS,10:06:39,Buy Up,500,7690.0,0.0
DXS,10:06:39,Buy Up,1000,7690.0,0.0
DXS,10:06:39,Buy Up,1600,7690.0,0.0
DXS,10:06:00,Buy Up,100,7690.0,0.0
DXS,10:05:55,Buy Up,500,7690.0,0.0
DXS,10:05:50,Buy Up,1800,7690.0,0.0
DXS,10:05:46,Buy Up,500,7690.0,0.0
DXS,10:05:46,Buy Up,100,7690.0,0.0
DXS,10:05:46,Buy Up,5400,7690.0,0.0
DXS,10:05:41,Sell Down,100,7690.0,0.0
DXS,10:05:28,Sell Down,100,7690.0,0.0
DXS,10:05:20,Buy Up,100,7690.0,0.0
DXS,10:05:20,Buy Up,200,7690.0,10.0
DXS,10:05:20,Buy Up,100,7680.0,-10.0
DXS,10:05:18,Buy Up,9800,7690.0,0.0
DXS,10:05:18,Buy Up,100,7690.0,0.0
DXS,10:05:18,Buy Up,10000,7690.0,0.0
DXS,10:05:17,Buy Up,100,7690.0,20.0
DXS,10:05:06,Sell Down,1200,7670.0,0.0
DXS,10:05:06,Sell Down,400,7670.0,-10.0
DXS,10:05:06,Buy Up,300,7680.0,0.0
DXS,10:05:06,Buy Up,300,7680.0,0.0
DXS,10:05:06,Buy Up,400,7680.0,0.0
DXS,10:04:35,Sell Down,200,7680.0,0.0
DXS,10:04:35,Sell Down,800,7680.0,0.0
DXS,10:04:20,Sell Down,500,7680.0,0.0
DXS,10:04:20,Sell Down,1500,7680.0,0.0
DXS,10:04:05,Sell Down,4500,7680.0,0.0
DXS,10:04:02,Buy Up,5500,7680.0,0.0
DXS,10:04:02,Buy Up,10000,7680.0,0.0
DXS,10:04:02,Buy Up,4500,7680.0,10.0
DXS,10:03:45,Sell Down,2000,7670.0,0.0
DXS,10:03:36,Buy Up,9500,7670.0,0.0
DXS,10:03:36,Buy Up,3000,7670.0,0.0
DXS,10:03:36,Buy Up,100,7670.0,10.0
DXS,10:03:28,Sell Down,5000,7660.0,0.0
DXS,10:03:23,Sell Down,200,7660.0,0.0
DXS,10:03:08,Buy Up,5900,7660.0,10.0
DXS,10:03:05,Sell Down,1300,7650.0,0.0
DXS,10:03:05,Sell Down,1200,7650.0,0.0
DXS,10:03:05,Sell Down,2500,7650.0,0.0
DXS,10:03:05,Sell Down,1000,7650.0,-10.0
DXS,10:03:05,Buy Up,4100,7660.0,0.0
DXS,10:03:05,Buy Up,300,7660.0,0.0
DXS,10:03:05,Buy Up,400,7660.0,0.0
DXS,10:03:05,Buy Up,200,7660.0,0.0
DXS,10:03:02,Buy Up,16000,7660.0,0.0
DXS,10:02:45,Buy Up,200,7660.0,0.0
DXS,10:02:40,Buy Up,800,7660.0,0.0
DXS,10:02:40,Buy Up,100,7660.0,0.0
DXS,10:02:37,Sell Down,900,7660.0,0.0
DXS,10:02:37,Sell Down,1800,7660.0,0.0
DXS,10:02:35,Sell Down,200,7660.0,0.0
DXS,10:02:32,Buy Up,300,7660.0,0.0
DXS,10:02:30,Sell Down,100,7660.0,0.0
DXS,10:02:30,Sell Down,300,7660.0,0.0
DXS,10:02:30,Sell Down,600,7660.0,0.0
DXS,10:02:30,Sell Down,2000,7660.0,0.0
DXS,10:02:24,Sell Down,1000,7660.0,0.0
DXS,10:02:17,Sell Down,2000,7660.0,-10.0
DXS,10:02:06,Buy Up,300,7670.0,10.0
DXS,10:01:56,Sell Down,100,7660.0,0.0
DXS,10:01:47,Sell Down,300,7660.0,0.0
DXS,10:01:33,Buy Up,100,7660.0,-10.0
DXS,10:01:10,Buy Up,100,7670.0,0.0
DXS,10:01:06,Buy Up,100,7670.0,0.0
DXS,10:01:06,Buy Up,400,7670.0,0.0
DXS,10:01:05,Buy Up,100,7670.0,0.0
DXS,10:01:03,Buy Up,500,7670.0,20.0
DXS,10:00:54,Sell Down,500,7650.0,0.0
DXS,10:00:54,Sell Down,900,7650.0,0.0
DXS,10:00:54,Sell Down,2700,7650.0,0.0
DXS,10:00:54,Sell Down,900,7650.0,-20.0
DXS,10:00:25,Buy Up,300,7670.0,0.0
DXS,10:00:20,Buy Up,1200,7670.0,0.0
DXS,10:00:15,Buy Up,1500,7670.0,0.0
DXS,10:00:15,Buy Up,1700,7670.0,10.0
DXS,10:00:15,Buy Up,1000,7660.0,0.0
DXS,10:00:14,Buy Up,100,7660.0,-10.0
DXS,10:00:14,Buy Up,8300,7670.0,0.0
DXS,10:00:14,Buy Up,100,7670.0,10.0
DXS,10:00:14,Buy Up,4500,7660.0,0.0
DXS,10:00:10,Buy Up,1200,7660.0,0.0
DXS,10:00:05,Buy Up,300,7660.0,0.0
DXS,10:00:05,Buy Up,4000,7660.0,0.0
DXS,10:00:05,Sell Down,1000,7660.0,-10.0
DXS,09:59:55,Buy Up,200,7670.0,0.0
DXS,09:59:50,Buy Up,800,7670.0,0.0
DXS,09:59:45,Buy Up,2200,7670.0,0.0
DXS,09:59:45,Buy Up,600,7670.0,0.0
DXS,09:59:40,Sell Down,3900,7670.0,0.0
DXS,09:59:40,Sell Down,5500,7670.0,0.0
DXS,09:59:36,Sell Down,3000,7670.0,0.0
DXS,09:59:35,Sell Down,500,7670.0,0.0
DXS,09:59:35,Sell Down,500,7670.0,0.0
DXS,09:59:35,Sell Down,9000,7670.0,-10.0
DXS,09:59:25,Buy Up,200,7680.0,0.0
DXS,09:59:20,Buy Up,900,7680.0,0.0
DXS,09:59:15,Buy Up,3300,7680.0,0.0
DXS,09:59:11,Sell Down,1000,7680.0,0.0
DXS,09:59:11,Sell Down,3000,7680.0,0.0
DXS,09:59:11,Sell Down,1900,7680.0,0.0
DXS,09:59:11,Sell Down,200,7680.0,0.0
DXS,09:59:11,Sell Down,5000,7680.0,0.0
DXS,09:58:59,Sell Down,200,7680.0,-10.0
DXS,09:58:50,Buy Up,100,7690.0,0.0
DXS,09:58:36,Buy Up,100,7690.0,-10.0
DXS,09:58:20,Buy Up,300,7700.0,0.0
DXS,09:58:18,Buy Up,1000,7700.0,0.0
DXS,09:58:10,Buy Up,100,7700.0,0.0
DXS,09:58:09,Sell Down,500,7700.0,0.0
DXS,09:58:09,Sell Down,100,7700.0,0.0
DXS,09:57:55,Sell Down,600,7700.0,0.0
DXS,09:57:55,Sell Down,100,7700.0,0.0
DXS,09:57:55,Sell Down,1000,7700.0,0.0
DXS,09:57:55,Sell Down,100,7700.0,0.0
DXS,09:57:50,Sell Down,900,7700.0,0.0
DXS,09:57:50,Sell Down,200,7700.0,0.0
DXS,09:57:50,Sell Down,500,7700.0,0.0
DXS,09:57:50,Sell Down,800,7700.0,-10.0
DXS,09:57:40,Buy Up,300,7710.0,10.0
DXS,09:57:34,Sell Down,100,7700.0,0.0
DXS,09:57:28,Sell Down,200,7700.0,0.0
DXS,09:57:22,Sell Down,500,7700.0,0.0
DXS,09:57:22,Sell Down,400,7700.0,-10.0
DXS,09:57:17,Buy Up,100,7710.0,0.0
DXS,09:57:05,Buy Up,200,7710.0,0.0
DXS,09:57:00,Buy Up,900,7710.0,0.0
DXS,09:56:59,Buy Up,2500,7710.0,0.0
DXS,09:56:59,Buy Up,200,7710.0,0.0
DXS,09:56:59,Buy Up,100,7710.0,0.0
DXS,09:56:59,Buy Up,200,7710.0,0.0
DXS,09:56:55,Buy Up,300,7710.0,0.0
DXS,09:56:50,Buy Up,1000,7710.0,0.0
DXS,09:56:45,Buy Up,2600,7710.0,0.0
DXS,09:56:45,Buy Up,900,7710.0,0.0
DXS,09:56:42,Buy Up,100,7710.0,0.0
DXS,09:56:42,Buy Up,800,7710.0,10.0
DXS,09:56:42,Buy Up,1000,7700.0,0.0
DXS,09:56:42,Buy Up,100,7700.0,0.0
DXS,09:56:42,Buy Up,1000,7700.0,0.0
DXS,09:56:42,Buy Up,4100,7700.0,0.0
DXS,09:56:41,Buy Up,1000,7700.0,0.0
DXS,09:56:40,Buy Up,600,7700.0,0.0
DXS,09:56:39,Buy Up,500,7700.0,0.0
DXS,09:56:35,Buy Up,1500,7700.0,0.0
DXS,09:56:30,Buy Up,5200,7700.0,0.0
DXS,09:56:28,Sell Down,100,7700.0,0.0
DXS,09:56:28,Sell Down,2300,7700.0,-10.0
DXS,09:56:28,Sell Down,9700,7710.0,0.0
DXS,09:56:26,Buy Up,900,7710.0,0.0
DXS,09:56:26,Buy Up,1000,7710.0,0.0
DXS,09:56:26,Buy Up,100,7710.0,0.0
DXS,09:56:26,Buy Up,400,7710.0,0.0
DXS,09:56:26,Buy Up,1000,7710.0,0.0
DXS,09:56:26,Buy Up,1900,7710.0,10.0
DXS,09:56:15,Sell Down,500,7700.0,0.0
DXS,09:56:13,Buy Up,100,7700.0,0.0
DXS,09:56:11,Sell Down,3000,7700.0,0.0
DXS,09:56:11,Sell Down,1000,7700.0,0.0
DXS,09:56:11,Sell Down,1800,7700.0,0.0
DXS,09:56:11,Sell Down,3600,7700.0,0.0
DXS,09:56:09,Sell Down,200,7700.0,-10.0
DXS,09:56:06,Buy Up,4300,7710.0,0.0
DXS,09:56:06,Buy Up,3100,7710.0,0.0
DXS,09:56:06,Buy Up,2500,7710.0,0.0
DXS,09:56:06,Buy Up,100,7710.0,10.0
DXS,09:56:04,Sell Down,5200,7700.0,0.0
DXS,09:56:04,Sell Down,400,7700.0,0.0
DXS,09:56:04,Sell Down,700,7700.0,0.0
DXS,09:56:00,Sell Down,100,7700.0,0.0
DXS,09:55:56,Sell Down,1200,7700.0,0.0
DXS,09:55:56,Sell Down,200,7700.0,0.0
DXS,09:55:56,Sell Down,100,7700.0,0.0
DXS,09:55:56,Sell Down,10800,7700.0,0.0
DXS,09:55:56,Sell Down,17700,7700.0,0.0
DXS,09:55:49,Sell Down,200,7700.0,-10.0
DXS,09:55:47,Buy Up,1000,7710.0,0.0
DXS,09:55:46,Buy Up,300,7710.0,0.0
DXS,09:55:41,Buy Up,1000,7710.0,0.0
DXS,09:55:30,Buy Up,100,7710.0,0.0
DXS,09:55:25,Buy Up,600,7710.0,0.0
DXS,09:55:20,Buy Up,2200,7710.0,10.0
DXS,09:55:20,Sell Down,100,7700.0,-10.0
DXS,09:55:19,Buy Up,500,7710.0,0.0
DXS,09:55:19,Buy Up,4500,7710.0,10.0
DXS,09:55:19,Sell Down,2000,7700.0,0.0
DXS,09:55:18,Sell Down,100,7700.0,0.0
DXS,09:55:17,Sell Down,100,7700.0,-10.0
DXS,09:55:15,Buy Up,300,7710.0,0.0
DXS,09:55:14,Buy Up,200,7710.0,10.0
DXS,09:55:11,Sell Down,1000,7700.0,0.0
DXS,09:55:02,Sell Down,200,7700.0,0.0
DXS,09:55:00,Sell Down,200,7700.0,0.0
DXS,09:54:47,Sell Down,10000,7700.0,0.0
DXS,09:54:47,Sell Down,6000,7700.0,0.0
DXS,09:54:47,Sell Down,100,7700.0,0.0
DXS,09:54:47,Sell Down,400,7700.0,0.0
DXS,09:54:47,Sell Down,500,7700.0,0.0
DXS,09:54:47,Sell Down,5700,7700.0,0.0
DXS,09:54:47,Sell Down,1000,7700.0,0.0
DXS,09:54:47,Sell Down,12500,7700.0,20.0
DXS,09:54:42,Sell Down,100,7680.0,0.0
DXS,09:54:40,Sell Down,6300,7680.0,0.0
DXS,09:54:39,Buy Up,300,7680.0,0.0
DXS,09:54:39,Sell Down,1000,7680.0,0.0
DXS,09:54:39,Sell Down,700,7680.0,0.0
DXS,09:54:39,Sell Down,1700,7680.0,-20.0
DXS,09:54:38,Buy Up,15900,7700.0,10.0
DXS,09:54:38,Buy Up,5700,7690.0,0.0
DXS,09:54:38,Buy Up,10000,7690.0,0.0
DXS,09:54:38,Buy Up,3400,7690.0,10.0
DXS,09:54:32,Sell Down,600,7680.0,0.0
DXS,09:54:30,Buy Up,3000,7680.0,0.0
DXS,09:54:29,Sell Down,100,7680.0,0.0
DXS,09:54:29,Sell Down,100,7680.0,0.0
DXS,09:54:29,Sell Down,5100,7680.0,0.0
DXS,09:54:29,Sell Down,11700,7680.0,0.0
DXS,09:54:26,Sell Down,700,7680.0,0.0
DXS,09:54:21,Sell Down,200,7680.0,0.0
DXS,09:54:12,Sell Down,500,7680.0,0.0
DXS,09:53:59,Sell Down,100,7680.0,-10.0
DXS,09:53:55,Buy Up,100,7690.0,0.0
DXS,09:53:53,Buy Up,100,7690.0,0.0
DXS,09:53:50,Buy Up,500,7690.0,0.0
DXS,09:53:47,Buy Up,100,7690.0,0.0
DXS,09:53:46,Buy Up,100,7690.0,0.0
DXS,09:53:45,Buy Up,1600,7690.0,0.0
DXS,09:53:44,Buy Up,3300,7690.0,0.0
DXS,09:53:44,Buy Up,800,7690.0,-10.0
DXS,09:53:40,Buy Up,1200,7700.0,0.0
DXS,09:53:40,Buy Up,100,7700.0,0.0
DXS,09:53:39,Buy Up,3800,7700.0,0.0
DXS,09:53:39,Buy Up,200,7700.0,0.0
DXS,09:53:39,Buy Up,500,7700.0,10.0
DXS,09:53:34,Sell Down,100,7690.0,0.0
DXS,09:53:34,Sell Down,9900,7690.0,-10.0
DXS,09:53:32,Buy Up,500,7700.0,0.0
DXS,09:53:32,Buy Up,500,7700.0,0.0
DXS,09:53:30,Buy Up,300,7700.0,0.0
DXS,09:53:25,Buy Up,1300,7700.0,0.0
DXS,09:53:24,Buy Up,1000,7700.0,0.0
DXS,09:53:22,Buy Up,1000,7700.0,0.0
DXS,09:53:20,Buy Up,2400,7700.0,0.0
DXS,09:53:17,Buy Up,2000,7700.0,10.0
DXS,09:53:15,Sell Down,3000,7690.0,-10.0
DXS,09:53:15,Buy Up,3100,7700.0,0.0
DXS,09:53:14,Buy Up,200,7700.0,0.0
DXS,09:53:13,Buy Up,1200,7700.0,0.0
DXS,09:53:13,Buy Up,1000,7700.0,0.0
DXS,09:53:13,Buy Up,2000,7700.0,0.0
DXS,09:53:13,Buy Up,900,7700.0,0.0
DXS,09:53:13,Buy Up,100,7700.0,0.0
DXS,09:53:13,Buy Up,500,7700.0,0.0
DXS,09:53:13,Buy Up,1000,7700.0,0.0
DXS,09:53:13,Buy Up,1500,7700.0,0.0
DXS,09:53:13,Buy Up,100,7700.0,0.0
DXS,09:53:13,Buy Up,1700,7700.0,0.0
DXS,09:53:10,Buy Up,300,7700.0,0.0
DXS,09:53:09,Buy Up,1000,7700.0,0.0
DXS,09:53:09,Buy Up,200,7700.0,0.0
DXS,09:53:05,Buy Up,100,7700.0,0.0
DXS,09:53:03,Buy Up,100,7700.0,0.0
DXS,09:53:03,Buy Up,100,7700.0,0.0
DXS,09:53:03,Buy Up,200,7700.0,10.0
DXS,09:52:53,Buy Up,500,7690.0,0.0
DXS,09:52:53,Buy Up,1600,7690.0,0.0
DXS,09:52:51,Buy Up,600,7690.0,0.0
DXS,09:52:50,Buy Up,400,7690.0,0.0
DXS,09:52:45,Buy Up,1500,7690.0,0.0
DXS,09:52:44,Buy Up,100,7690.0,0.0
DXS,09:52:41,Buy Up,4500,7690.0,0.0
DXS,09:52:40,Buy Up,500,7690.0,0.0
DXS,09:52:36,Sell Down,800,7690.0,0.0
DXS,09:52:35,Buy Up,200,7690.0,0.0
DXS,09:52:35,Sell Down,800,7690.0,0.0
DXS,09:52:33,Sell Down,500,7690.0,0.0
DXS,09:52:33,Buy Up,100,7690.0,0.0
DXS,09:52:32,Buy Up,1000,7690.0,0.0
DXS,09:52:30,Buy Up,900,7690.0,0.0
DXS,09:52:30,Buy Up,500,7690.0,0.0
DXS,09:52:30,Buy Up,400,7690.0,0.0
DXS,09:52:30,Buy Up,500,7690.0,0.0
DXS,09:52:29,Buy Up,100,7690.0,0.0
DXS,09:52:28,Buy Up,5000,7690.0,0.0
DXS,09:52:25,Buy Up,700,7690.0,0.0
DXS,09:52:24,Buy Up,2000,7690.0,0.0
DXS,09:52:21,Buy Up,200,7690.0,0.0
DXS,09:52:21,Buy Up,200,7690.0,0.0
DXS,09:52:21,Buy Up,100,7690.0,10.0
DXS,09:52:15,Buy Up,200,7680.0,0.0
DXS,09:52:15,Buy Up,5000,7680.0,0.0
DXS,09:52:15,Buy Up,300,7680.0,0.0
DXS,09:52:15,Buy Up,100,7680.0,0.0
DXS,09:52:15,Buy Up,7800,7680.0,0.0
DXS,09:52:15,Buy Up,200,7680.0,10.0
DXS,09:52:15,Buy Up,100,7670.0,0.0
DXS,09:52:15,Buy Up,3000,7670.0,10.0
DXS,09:52:15,Buy Up,100,7660.0,0.0
DXS,09:52:15,Buy Up,200,7660.0,0.0
DXS,09:52:10,Buy Up,700,7660.0,0.0
DXS,09:52:08,Buy Up,2000,7660.0,0.0
DXS,09:52:08,Buy Up,200,7660.0,10.0
DXS,09:52:05,Sell Down,200,7650.0,0.0
DXS,09:51:54,Sell Down,3000,7650.0,0.0
DXS,09:51:49,Buy Up,1000,7650.0,0.0
DXS,09:51:49,Buy Up,2000,7650.0,0.0
DXS,09:51:49,Buy Up,100,7650.0,0.0
DXS,09:51:49,Buy Up,100,7650.0,0.0
DXS,09:51:49,Buy Up,1000,7650.0,0.0
DXS,09:51:49,Buy Up,1700,7650.0,0.0
DXS,09:51:46,Buy Up,1300,7650.0,0.0
DXS,09:51:46,Buy Up,500,7650.0,0.0
DXS,09:51:46,Buy Up,200,7650.0,0.0
DXS,09:51:45,Buy Up,1100,7650.0,0.0
DXS,09:51:45,Buy Up,700,7650.0,0.0
DXS,09:51:45,Buy Up,1000,7650.0,0.0
DXS,09:51:45,Buy Up,300,7650.0,0.0
DXS,09:51:40,Buy Up,1800,7650.0,0.0
DXS,09:51:35,Buy Up,2900,7650.0,0.0
DXS,09:51:35,Buy Up,300,7650.0,0.0
DXS,09:51:35,Buy Up,2000,7650.0,0.0
DXS,09:51:35,Buy Up,100,7650.0,0.0
DXS,09:51:35,Buy Up,500,7650.0,0.0
DXS,09:51:35,Buy Up,200,7650.0,0.0
DXS,09:51:33,Buy Up,4800,7650.0,0.0
DXS,09:51:33,Buy Up,5000,7650.0,0.0
DXS,09:51:33,Buy Up,1600,7650.0,0.0
DXS,09:51:33,Buy Up,3000,7650.0,0.0
DXS,09:51:33,Buy Up,100,7650.0,0.0
DXS,09:51:33,Buy Up,400,7650.0,0.0
DXS,09:51:33,Buy Up,1000,7650.0,0.0
DXS,09:51:33,Buy Up,4000,7650.0,0.0
DXS,09:51:33,Buy Up,100,7650.0,10.0
DXS,09:51:19,Sell Down,3000,7640.0,0.0
DXS,09:51:17,Buy Up,2100,7640.0,0.0
DXS,09:51:17,Buy Up,6000,7640.0,0.0
DXS,09:51:17,Buy Up,1000,7640.0,0.0
DXS,09:51:17,Buy Up,500,7640.0,0.0
DXS,09:51:15,Buy Up,200,7640.0,0.0
DXS,09:51:12,Buy Up,900,7640.0,0.0
DXS,09:51:08,Buy Up,200,7640.0,0.0
DXS,09:51:08,Buy Up,100,7640.0,0.0
DXS,09:51:01,Buy Up,100,7640.0,10.0
DXS,09:50:44,Sell Down,100,7630.0,0.0
DXS,09:50:41,Sell Down,100,7630.0,0.0
DXS,09:50:39,Buy Up,100,7630.0,0.0
DXS,09:50:35,Buy Up,100,7630.0,-10.0
DXS,09:50:30,Buy Up,400,7640.0,10.0
DXS,09:50:30,Buy Up,100,7630.0,-10.0
DXS,09:50:30,Buy Up,300,7640.0,10.0
DXS,09:50:30,Buy Up,100,7630.0,0.0
DXS,09:50:29,Buy Up,100,7630.0,10.0
DXS,09:50:27,Sell Down,1000,7620.0,0.0
DXS,09:50:02,Sell Down,1900,7620.0,0.0
DXS,09:49:49,Buy Up,1000,7620.0,0.0
DXS,09:49:49,Buy Up,100,7620.0,0.0
DXS,09:49:49,Buy Up,2000,7620.0,0.0
DXS,09:49:49,Buy Up,600,7620.0,0.0
DXS,09:49:49,Buy Up,1100,7620.0,0.0
DXS,09:49:48,Buy Up,1400,7620.0,0.0
DXS,09:49:46,Buy Up,500,7620.0,0.0
DXS,09:49:46,Buy Up,800,7620.0,0.0
DXS,09:49:45,Buy Up,1500,7620.0,0.0
DXS,09:49:45,Buy Up,3900,7620.0,0.0
DXS,09:49:44,Buy Up,5000,7620.0,0.0
DXS,09:49:35,Buy Up,200,7620.0,0.0
DXS,09:49:30,Buy Up,900,7620.0,0.0
DXS,09:49:28,Buy Up,3000,7620.0,0.0
DXS,09:49:20,Buy Up,100,7620.0,0.0
DXS,09:49:15,Buy Up,400,7620.0,0.0
DXS,09:49:15,Buy Up,300,7620.0,0.0
DXS,09:49:15,Buy Up,1000,7620.0,0.0
DXS,09:49:15,Buy Up,100,7620.0,0.0
DXS,09:49:15,Buy Up,100,7620.0,10.0
DXS,09:48:29,Sell Down,100,7610.0,0.0
DXS,09:48:20,Sell Down,100,7610.0,0.0
DXS,09:48:15,Sell Down,100,7610.0,0.0
DXS,09:47:40,Buy Up,1000,7610.0,0.0
DXS,09:47:40,Buy Up,300,7610.0,0.0
DXS,09:47:40,Buy Up,700,7610.0,0.0
DXS,09:47:40,Buy Up,17300,7610.0,0.0
DXS,09:47:40,Buy Up,2000,7610.0,0.0
DXS,09:47:35,Buy Up,100,7610.0,0.0
DXS,09:47:30,Buy Up,600,7610.0,0.0
DXS,09:47:29,Buy Up,2000,7610.0,10.0
DXS,09:47:18,Buy Up,400,7600.0,0.0
DXS,09:47:18,Buy Up,200,7600.0,0.0
DXS,09:47:18,Buy Up,100,7600.0,0.0
DXS,09:47:18,Buy Up,5000,7600.0,0.0
DXS,09:47:18,Buy Up,200,7600.0,0.0
DXS,09:47:18,Buy Up,100,7600.0,0.0
DXS,09:47:18,Buy Up,9100,7600.0,0.0
DXS,09:47:18,Buy Up,500,7600.0,0.0
DXS,09:47:18,Buy Up,200,7600.0,0.0
DXS,09:47:18,Buy Up,200,7600.0,0.0
DXS,09:47:15,Buy Up,300,7600.0,0.0
DXS,09:47:15,Buy Up,200,7600.0,0.0
DXS,09:47:15,Buy Up,1200,7600.0,0.0
DXS,09:47:15,Buy Up,9000,7600.0,0.0
DXS,09:47:14,Buy Up,10000,7600.0,0.0
DXS,09:47:13,Buy Up,10000,7600.0,0.0
DXS,09:47:11,Buy Up,15900,7600.0,0.0
DXS,09:47:09,Buy Up,5100,7600.0,0.0
DXS,09:47:09,Buy Up,40000,7600.0,0.0
DXS,09:47:09,Buy Up,1000,7600.0,0.0
DXS,09:47:09,Buy Up,500,7600.0,0.0
DXS,09:47:09,Buy Up,3400,7600.0,0.0
DXS,09:47:05,Buy Up,1600,7600.0,0.0
DXS,09:47:05,Buy Up,1000,7600.0,0.0
DXS,09:47:05,Buy Up,100,7600.0,0.0
DXS,09:47:05,Buy Up,500,7600.0,0.0
DXS,09:47:04,Buy Up,2500,7600.0,0.0
DXS,09:47:04,Buy Up,1000,7600.0,0.0
DXS,09:47:04,Buy Up,1000,7600.0,0.0
DXS,09:47:04,Buy Up,200,7600.0,0.0
DXS,09:47:04,Buy Up,5300,7600.0,0.0
DXS,09:47:00,Buy Up,900,7600.0,0.0
DXS,09:46:55,Buy Up,3000,7600.0,0.0
DXS,09:46:54,Buy Up,800,7600.0,0.0
DXS,09:46:54,Buy Up,500,7600.0,0.0
DXS,09:46:54,Buy Up,100,7600.0,0.0
DXS,09:46:54,Buy Up,6000,7600.0,0.0
DXS,09:46:54,Buy Up,2000,7600.0,0.0
DXS,09:46:54,Buy Up,600,7600.0,10.0
DXS,09:46:35,Buy Up,600,7590.0,0.0
DXS,09:46:35,Buy Up,2400,7590.0,0.0
DXS,09:46:35,Buy Up,10000,7590.0,0.0
DXS,09:46:35,Buy Up,5000,7590.0,0.0
DXS,09:46:35,Buy Up,300,7590.0,0.0
DXS,09:46:35,Buy Up,300,7590.0,0.0
DXS,09:46:05,Buy Up,100,7590.0,0.0
DXS,09:46:00,Buy Up,600,7590.0,0.0
DXS,09:45:58,Buy Up,1600,7590.0,0.0
DXS,09:45:55,Buy Up,400,7590.0,0.0
DXS,09:45:54,Sell Down,1500,7590.0,0.0
DXS,09:45:47,Buy Up,100,7590.0,0.0
DXS,09:45:45,Buy Up,100,7590.0,0.0
DXS,09:45:40,Buy Up,400,7590.0,0.0
DXS,09:45:36,Buy Up,600,7590.0,0.0
DXS,09:45:36,Buy Up,100,7590.0,0.0
DXS,09:45:36,Buy Up,700,7590.0,-10.0
DXS,09:45:16,Buy Up,100,7600.0,0.0
DXS,09:45:10,Buy Up,100,7600.0,0.0
DXS,09:44:40,Buy Up,100,7600.0,0.0
DXS,09:44:36,Buy Up,100,7600.0,0.0
DXS,09:44:36,Buy Up,400,7600.0,10.0
DXS,09:44:29,Buy Up,300,7590.0,0.0
DXS,09:44:25,Buy Up,100,7590.0,0.0
DXS,09:44:20,Buy Up,600,7590.0,0.0
DXS,09:44:16,Buy Up,2300,7590.0,0.0
DXS,09:44:12,Buy Up,7300,7590.0,0.0
DXS,09:44:11,Buy Up,600,7590.0,0.0
DXS,09:44:05,Buy Up,2200,7590.0,0.0
DXS,09:44:02,Buy Up,4100,7590.0,0.0
DXS,09:44:02,Buy Up,100,7590.0,0.0
DXS,09:44:02,Buy Up,500,7590.0,0.0
DXS,09:44:02,Buy Up,100,7590.0,0.0
DXS,09:44:02,Buy Up,500,7590.0,0.0
DXS,09:44:00,Buy Up,2300,7590.0,0.0
DXS,09:43:57,Buy Up,2900,7590.0,0.0
DXS,09:43:56,Buy Up,4300,7590.0,0.0
DXS,09:43:56,Buy Up,700,7590.0,0.0
DXS,09:43:45,Buy Up,300,7590.0,0.0
DXS,09:43:45,Buy Up,1000,7590.0,10.0
DXS,09:43:42,Sell Down,100,7580.0,0.0
DXS,09:43:20,Sell Down,500,7580.0,0.0
DXS,09:43:07,Sell Down,100,7580.0,0.0
DXS,09:42:53,Buy Up,2000,7580.0,0.0
DXS,09:42:53,Buy Up,2100,7580.0,0.0
DXS,09:42:50,Buy Up,3000,7580.0,0.0
DXS,09:42:50,Buy Up,400,7580.0,0.0
DXS,09:42:46,Buy Up,4500,7580.0,0.0
DXS,09:42:46,Buy Up,4000,7580.0,0.0
DXS,09:42:46,Buy Up,1500,7580.0,10.0
DXS,09:41:53,Sell Down,600,7570.0,0.0
DXS,09:41:07,Sell Down,500,7570.0,-10.0
DXS,09:41:03,Buy Up,200,7580.0,0.0
DXS,09:40:45,Buy Up,100,7580.0,0.0
DXS,09:40:40,Buy Up,400,7580.0,0.0
DXS,09:40:35,Buy Up,1500,7580.0,0.0
DXS,09:40:32,Buy Up,4700,7580.0,0.0
DXS,09:40:32,Buy Up,600,7580.0,0.0
DXS,09:40:08,Sell Down,2100,7580.0,0.0
DXS,09:40:00,Buy Up,400,7580.0,0.0
DXS,09:40:00,Buy Up,1000,7580.0,0.0
DXS,09:40:00,Buy Up,1000,7580.0,0.0
DXS,09:40:00,Buy Up,19500,7580.0,10.0
DXS,09:39:56,Sell Down,1000,7570.0,0.0
DXS,09:39:48,Sell Down,1000,7570.0,0.0
DXS,09:39:21,Buy Up,1000,7570.0,0.0
DXS,09:39:21,Buy Up,1000,7570.0,0.0
DXS,09:39:21,Buy Up,11600,7570.0,0.0
DXS,09:39:21,Buy Up,1100,7570.0,0.0
DXS,09:39:16,Buy Up,100,7570.0,0.0
DXS,09:38:58,Buy Up,100,7570.0,0.0
DXS,09:38:25,Buy Up,300,7570.0,0.0
DXS,09:38:23,Buy Up,400,7570.0,0.0
DXS,09:38:23,Buy Up,600,7570.0,0.0
DXS,09:38:06,Buy Up,300,7570.0,10.0
DXS,09:36:38,Sell Down,500,7560.0,0.0
DXS,09:36:37,Sell Down,500,7560.0,0.0
DXS,09:36:23,Sell Down,3800,7560.0,0.0
DXS,09:36:23,Sell Down,1200,7560.0,-10.0
DXS,09:35:20,Buy Up,300,7570.0,0.0
DXS,09:35:15,Buy Up,1200,7570.0,0.0
DXS,09:35:10,Buy Up,4000,7570.0,0.0
DXS,09:35:05,Sell Down,600,7570.0,0.0
DXS,09:35:05,Sell Down,9500,7570.0,0.0
DXS,09:35:05,Sell Down,1800,7570.0,0.0
DXS,09:35:05,Sell Down,1700,7570.0,-10.0
DXS,09:34:30,Buy Up,100,7580.0,0.0
DXS,09:34:28,Sell Down,300,7580.0,0.0
DXS,09:34:28,Sell Down,100,7580.0,0.0
DXS,09:34:24,Buy Up,500,7580.0,0.0
DXS,09:34:24,Buy Up,400,7580.0,0.0
DXS,09:34:21,Buy Up,200,7580.0,0.0
DXS,09:33:50,Buy Up,300,7580.0,0.0
DXS,09:33:45,Buy Up,1200,7580.0,0.0
DXS,09:33:43,Sell Down,100,7580.0,0.0
DXS,09:33:43,Sell Down,700,7580.0,0.0
DXS,09:33:43,Sell Down,3400,7580.0,0.0
DXS,09:33:35,Buy Up,2600,7580.0,0.0
DXS,09:33:32,Buy Up,6000,7580.0,0.0
DXS,09:33:32,Buy Up,10000,7580.0,0.0
DXS,09:33:32,Buy Up,2400,7580.0,0.0
DXS,09:33:32,Buy Up,500,7580.0,0.0
DXS,09:33:32,Buy Up,1100,7580.0,10.0
DXS,09:33:29,Sell Down,2000,7570.0,0.0
DXS,09:33:21,Buy Up,300,7570.0,0.0
DXS,09:33:21,Buy Up,100,7570.0,0.0
DXS,09:33:21,Buy Up,500,7570.0,0.0
DXS,09:33:21,Buy Up,5000,7570.0,0.0
DXS,09:33:21,Buy Up,400,7570.0,10.0
DXS,09:33:17,Sell Down,1000,7560.0,0.0
DXS,09:32:58,Sell Down,300,7560.0,-10.0
DXS,09:32:40,Buy Up,200,7570.0,10.0
DXS,09:32:30,Sell Down,500,7560.0,0.0
DXS,09:32:29,Sell Down,1000,7560.0,0.0
DXS,09:31:54,Sell Down,1000,7560.0,0.0
DXS,09:31:54,Sell Down,500,7560.0,-10.0
DXS,09:30:49,Buy Up,100,7570.0,0.0
DXS,09:30:40,Buy Up,400,7570.0,0.0
DXS,09:30:35,Buy Up,900,7570.0,0.0
DXS,09:30:35,Buy Up,500,7570.0,0.0
DXS,09:30:30,Buy Up,500,7570.0,0.0
DXS,09:30:30,Buy Up,4200,7570.0,0.0
DXS,09:30:28,Buy Up,1000,7570.0,0.0
DXS,09:30:28,Buy Up,1000,7570.0,0.0
DXS,09:30:28,Buy Up,5000,7570.0,0.0
DXS,09:30:28,Buy Up,1000,7570.0,0.0
DXS,09:30:28,Sell Down,900,7570.0,0.0
DXS,09:30:28,Sell Down,6900,7570.0,0.0
DXS,09:30:20,Sell Down,100,7570.0,0.0
DXS,09:29:46,Sell Down,3000,7570.0,-10.0
DXS,09:29:00,Buy Up,100,7580.0,0.0
DXS,09:28:55,Buy Up,500,7580.0,0.0
DXS,09:28:51,Buy Up,300,7580.0,0.0
DXS,09:28:25,Buy Up,100,7580.0,0.0
DXS,09:28:24,Buy Up,600,7580.0,0.0
DXS,09:28:24,Buy Up,600,7580.0,0.0
DXS,09:28:24,Buy Up,100,7580.0,0.0
DXS,09:28:23,Sell Down,100,7580.0,0.0
DXS,09:28:02,Sell Down,100,7580.0,0.0
DXS,09:28:02,Sell Down,100,7580.0,0.0
DXS,09:27:57,Sell Down,2000,7580.0,0.0
DXS,09:27:52,Sell Down,2000,7580.0,-10.0
DXS,09:27:51,Buy Up,200,7590.0,10.0
DXS,09:27:46,Sell Down,1000,7580.0,-10.0
DXS,09:27:16,Sell Down,100,7590.0,0.0
DXS,09:27:14,Sell Down,200,7590.0,0.0
DXS,09:27:10,Sell Down,100,7590.0,0.0
DXS,09:27:07,Sell Down,100,7590.0,0.0
DXS,09:26:53,Buy Up,200,7590.0,0.0
DXS,09:26:50,Buy Up,1500,7590.0,0.0
DXS,09:26:49,Buy Up,5000,7590.0,10.0
DXS,09:26:43,Sell Down,2000,7580.0,0.0
DXS,09:26:43,Sell Down,300,7580.0,0.0
DXS,09:26:43,Sell Down,10000,7580.0,0.0
DXS,09:26:43,Sell Down,4600,7580.0,0.0
DXS,09:26:43,Sell Down,200,7580.0,-10.0
DXS,09:26:28,Buy Up,100,7590.0,0.0
DXS,09:26:17,Buy Up,100,7590.0,0.0
DXS,09:25:50,Buy Up,200,7590.0,0.0
DXS,09:25:45,Buy Up,700,7590.0,0.0
DXS,09:25:43,Sell Down,1000,7590.0,0.0
DXS,09:25:43,Sell Down,1400,7590.0,0.0
DXS,09:25:06,Buy Up,1000,7590.0,0.0
DXS,09:25:06,Buy Up,2600,7590.0,0.0
DXS,09:24:53,Buy Up,100,7590.0,0.0
DXS,09:24:40,Buy Up,200,7590.0,0.0
DXS,09:24:35,Buy Up,600,7590.0,0.0
DXS,09:24:35,Buy Up,100,7590.0,0.0
DXS,09:24:34,Buy Up,2000,7590.0,0.0
DXS,09:24:30,Buy Up,400,7590.0,0.0
DXS,09:24:25,Buy Up,1600,7590.0,0.0
DXS,09:24:23,Sell Down,600,7590.0,0.0
DXS,09:24:23,Sell Down,300,7590.0,0.0
DXS,09:24:23,Sell Down,700,7590.0,0.0
DXS,09:24:23,Sell Down,400,7590.0,0.0
DXS,09:24:23,Sell Down,200,7590.0,0.0
DXS,09:24:23,Sell Down,1000,7590.0,0.0
DXS,09:24:23,Sell Down,100,7590.0,0.0
DXS,09:24:23,Sell Down,1500,7590.0,0.0
DXS,09:24:23,Sell Down,600,7590.0,0.0
DXS,09:24:19,Sell Down,2000,7590.0,0.0
DXS,09:24:06,Sell Down,900,7590.0,0.0
DXS,09:24:06,Sell Down,500,7590.0,0.0
DXS,09:23:43,Sell Down,200,7590.0,0.0
DXS,09:23:37,Sell Down,300,7590.0,0.0
DXS,09:23:17,Sell Down,800,7590.0,0.0
DXS,09:23:17,Sell Down,1000,7590.0,0.0
DXS,09:23:17,Sell Down,900,7590.0,0.0
DXS,09:23:17,Sell Down,600,7590.0,0.0
DXS,09:23:17,Sell Down,100,7590.0,0.0
DXS,09:23:17,Sell Down,200,7590.0,0.0
DXS,09:23:17,Sell Down,200,7590.0,0.0
DXS,09:23:17,Sell Down,1200,7590.0,0.0
DXS,09:23:01,Sell Down,1000,7590.0,-10.0
DXS,09:23:00,Buy Up,600,7600.0,0.0
DXS,09:23:00,Buy Up,2000,7600.0,0.0
DXS,09:23:00,Buy Up,100,7600.0,0.0
DXS,09:22:55,Buy Up,400,7600.0,0.0
DXS,09:22:55,Buy Up,400,7600.0,0.0
DXS,09:22:55,Buy Up,100,7600.0,0.0
DXS,09:22:55,Buy Up,1000,7600.0,0.0
DXS,09:22:55,Buy Up,1000,7600.0,0.0
DXS,09:22:55,Buy Up,3100,7600.0,0.0
DXS,09:22:55,Buy Up,3000,7600.0,0.0
DXS,09:22:54,Buy Up,6900,7600.0,0.0
DXS,09:22:54,Buy Up,500,7600.0,0.0
DXS,09:22:54,Buy Up,500,7600.0,0.0
DXS,09:22:54,Buy Up,100,7600.0,0.0
DXS,09:22:54,Buy Up,2000,7600.0,0.0
DXS,09:22:54,Buy Up,20000,7600.0,10.0
DXS,09:22:35,Sell Down,3000,7590.0,0.0
DXS,09:22:33,Sell Down,2000,7590.0,0.0
DXS,09:22:24,Sell Down,600,7590.0,0.0
DXS,09:22:20,Sell Down,300,7590.0,0.0
DXS,09:22:19,Buy Up,1000,7590.0,0.0
DXS,09:22:19,Buy Up,1000,7590.0,0.0
DXS,09:22:19,Buy Up,5000,7590.0,0.0
DXS,09:22:19,Buy Up,200,7590.0,0.0
DXS,09:22:19,Buy Up,19800,7590.0,10.0
DXS,09:21:39,Sell Down,200,7580.0,0.0
DXS,09:20:38,Buy Up,200,7580.0,0.0
DXS,09:20:38,Buy Up,200,7580.0,0.0
DXS,09:20:38,Buy Up,14200,7580.0,0.0
DXS,09:20:35,Buy Up,1000,7580.0,0.0
DXS,09:20:30,Buy Up,3400,7580.0,0.0
DXS,09:20:27,Sell Down,5000,7580.0,0.0
DXS,09:20:27,Sell Down,900,7580.0,0.0
DXS,09:20:27,Sell Down,3200,7580.0,0.0
DXS,09:20:27,Sell Down,1100,7580.0,0.0
DXS,09:20:27,Sell Down,1200,7580.0,0.0
DXS,09:18:17,Sell Down,100,7580.0,0.0
DXS,09:18:17,Sell Down,1000,7580.0,0.0
DXS,09:18:17,Sell Down,500,7580.0,0.0
DXS,09:18:17,Sell Down,1000,7580.0,0.0
DXS,09:18:17,Sell Down,1200,7580.0,0.0
DXS,09:17:50,Buy Up,200,7580.0,0.0
DXS,09:17:45,Buy Up,700,7580.0,0.0
DXS,09:17:44,Buy Up,2000,7580.0,0.0
DXS,09:17:40,Buy Up,600,7580.0,0.0
DXS,09:17:35,Buy Up,2000,7580.0,0.0
DXS,09:16:25,Buy Up,300,7580.0,0.0
DXS,09:16:20,Buy Up,100,7580.0,0.0
DXS,09:16:20,Buy Up,1000,7580.0,0.0
DXS,09:16:15,Buy Up,400,7580.0,0.0
DXS,09:16:11,Buy Up,1500,7580.0,0.0
DXS,09:15:45,Buy Up,200,7580.0,0.0
DXS,09:15:40,Buy Up,900,7580.0,0.0
DXS,09:15:40,Buy Up,1200,7580.0,0.0
DXS,09:15:35,Buy Up,2000,7580.0,0.0
DXS,09:15:33,Sell Down,6500,7580.0,0.0
DXS,09:15:33,Sell Down,300,7580.0,0.0
DXS,09:15:02,Sell Down,200,7580.0,-10.0
DXS,09:15:00,,21600,7590.0,0.0
