ticker,time,orderType,volume,price,prevPriceChange
CTS,10:35:33,Sell Down,700.0,28450.0,0.0
CTS,10:35:33,Sell Down,4300.0,28450.0,-50.0
CTS,10:34:55,Buy Up,100.0,28500.0,0.0
CTS,10:34:20,Buy Up,1100.0,28500.0,0.0
CTS,10:34:20,Buy Up,3900.0,28500.0,50.0
CTS,10:34:16,Sell Down,700.0,28450.0,0.0
CTS,10:34:16,Sell Down,500.0,28450.0,0.0
CTS,10:34:16,Sell Down,800.0,28450.0,0.0
CTS,10:33:53,Sell Down,4200.0,28450.0,0.0
CTS,10:33:53,Sell Down,800.0,28450.0,-50.0
CTS,10:32:21,Buy Up,100.0,28500.0,50.0
CTS,10:32:06,Sell Down,200.0,28450.0,0.0
CTS,10:32:06,Sell Down,600.0,28450.0,-50.0
CTS,10:31:24,Buy Up,1000.0,28500.0,0.0
CTS,10:28:38,Buy Up,100.0,28500.0,50.0
CTS,10:28:00,Sell Down,100.0,28450.0,0.0
CTS,10:26:53,Sell Down,300.0,28450.0,-50.0
CTS,10:25:26,Buy Up,1000.0,28500.0,0.0
CTS,10:25:15,Buy Up,3000.0,28500.0,50.0
CTS,10:24:11,Sell Down,1000.0,28450.0,0.0
CTS,10:24:01,Sell Down,500.0,28450.0,-50.0
CTS,10:23:30,Buy Up,700.0,28500.0,0.0
CTS,10:23:29,Buy Up,200.0,28500.0,0.0
CTS,10:23:13,Sell Down,1800.0,28500.0,0.0
CTS,10:23:11,Buy Up,1000.0,28500.0,0.0
CTS,10:23:11,Buy Up,500.0,28500.0,0.0
CTS,10:23:11,Buy Up,200.0,28500.0,0.0
CTS,10:23:11,Buy Up,700.0,28500.0,0.0
CTS,10:23:11,Buy Up,2000.0,28500.0,0.0
CTS,10:23:11,Buy Up,1000.0,28500.0,0.0
CTS,10:23:11,Buy Up,500.0,28500.0,0.0
CTS,10:23:11,Buy Up,2300.0,28500.0,0.0
CTS,10:23:10,Sell Down,500.0,28500.0,0.0
CTS,10:23:05,Sell Down,5000.0,28500.0,0.0
CTS,10:22:55,Sell Down,2200.0,28500.0,0.0
CTS,10:22:55,Sell Down,5000.0,28500.0,0.0
CTS,10:22:55,Sell Down,1500.0,28500.0,0.0
CTS,10:22:47,Sell Down,500.0,28500.0,0.0
CTS,10:22:47,Sell Down,100.0,28500.0,0.0
CTS,10:22:47,Sell Down,4400.0,28500.0,0.0
CTS,10:22:20,Sell Down,300.0,28500.0,0.0
CTS,10:21:13,Sell Down,100.0,28500.0,0.0
CTS,10:20:36,Sell Down,3000.0,28500.0,-50.0
CTS,10:20:33,Buy Up,500.0,28550.0,0.0
CTS,10:19:22,Buy Up,300.0,28550.0,0.0
CTS,10:19:22,Buy Up,300.0,28550.0,0.0
CTS,10:19:22,Buy Up,400.0,28550.0,0.0
CTS,10:19:22,Buy Up,1000.0,28550.0,0.0
CTS,10:19:18,Buy Up,1000.0,28550.0,0.0
CTS,10:18:38,Buy Up,1000.0,28550.0,0.0
CTS,10:18:38,Buy Up,2700.0,28550.0,0.0
CTS,10:17:57,Sell Down,5000.0,28550.0,0.0
CTS,10:17:47,Sell Down,500.0,28550.0,0.0
CTS,10:17:27,Sell Down,100.0,28550.0,0.0
CTS,10:17:27,Sell Down,300.0,28550.0,0.0
CTS,10:17:27,Sell Down,1400.0,28550.0,0.0
CTS,10:16:40,Buy Up,100.0,28550.0,0.0
CTS,10:16:32,Sell Down,100.0,28550.0,0.0
CTS,10:16:32,Sell Down,1000.0,28550.0,0.0
CTS,10:16:32,Sell Down,500.0,28550.0,0.0
CTS,10:16:32,Sell Down,1900.0,28550.0,0.0
CTS,10:16:25,Sell Down,1000.0,28550.0,0.0
CTS,10:16:22,Sell Down,200.0,28550.0,0.0
CTS,10:16:13,Sell Down,1900.0,28550.0,0.0
CTS,10:16:13,Sell Down,100.0,28550.0,0.0
CTS,10:16:13,Sell Down,300.0,28550.0,0.0
CTS,10:16:13,Sell Down,700.0,28550.0,-50.0
CTS,10:16:03,Buy Up,200.0,28600.0,50.0
CTS,10:15:56,Sell Down,1300.0,28550.0,0.0
CTS,10:15:56,Sell Down,700.0,28550.0,0.0
CTS,10:15:52,Sell Down,100.0,28550.0,0.0
CTS,10:15:25,Sell Down,200.0,28550.0,0.0
CTS,10:15:25,Sell Down,400.0,28550.0,0.0
CTS,10:14:04,Sell Down,100.0,28550.0,0.0
CTS,10:14:04,Sell Down,900.0,28550.0,0.0
CTS,10:13:55,Sell Down,1600.0,28550.0,0.0
CTS,10:13:55,Sell Down,1100.0,28550.0,0.0
CTS,10:13:55,Sell Down,2000.0,28550.0,0.0
CTS,10:13:55,Sell Down,100.0,28550.0,0.0
CTS,10:13:55,Sell Down,200.0,28550.0,0.0
CTS,10:13:26,Sell Down,3400.0,28550.0,0.0
CTS,10:13:26,Sell Down,1000.0,28550.0,0.0
CTS,10:13:26,Sell Down,500.0,28550.0,0.0
CTS,10:13:26,Sell Down,700.0,28550.0,0.0
CTS,10:13:26,Sell Down,4400.0,28550.0,-50.0
CTS,10:13:03,Buy Up,100.0,28600.0,0.0
CTS,10:12:39,Buy Up,1400.0,28600.0,0.0
CTS,10:12:39,Buy Up,100.0,28600.0,0.0
CTS,10:12:39,Buy Up,600.0,28600.0,0.0
CTS,10:12:39,Buy Up,100.0,28600.0,0.0
CTS,10:12:39,Buy Up,1000.0,28600.0,0.0
CTS,10:12:39,Buy Up,100.0,28600.0,0.0
CTS,10:12:39,Buy Up,700.0,28600.0,0.0
CTS,10:11:25,Buy Up,500.0,28600.0,0.0
CTS,10:10:54,Buy Up,3000.0,28600.0,50.0
CTS,10:10:33,Sell Down,100.0,28550.0,-50.0
CTS,10:09:55,Buy Up,300.0,28600.0,0.0
CTS,10:09:26,Buy Up,5000.0,28600.0,0.0
CTS,10:08:01,Sell Down,500.0,28600.0,0.0
CTS,10:07:33,Sell Down,400.0,28600.0,0.0
CTS,10:07:33,Sell Down,1100.0,28600.0,0.0
CTS,10:07:32,Sell Down,100.0,28600.0,0.0
CTS,10:07:24,Sell Down,300.0,28600.0,0.0
CTS,10:06:58,Sell Down,1600.0,28600.0,0.0
CTS,10:06:58,Sell Down,1000.0,28600.0,0.0
CTS,10:06:58,Sell Down,400.0,28600.0,0.0
CTS,10:06:53,Sell Down,200.0,28600.0,0.0
CTS,10:06:51,Sell Down,300.0,28600.0,0.0
CTS,10:05:38,Sell Down,400.0,28600.0,0.0
CTS,10:05:38,Sell Down,200.0,28600.0,0.0
CTS,10:05:38,Sell Down,300.0,28600.0,0.0
CTS,10:05:38,Sell Down,200.0,28600.0,0.0
CTS,10:05:38,Sell Down,500.0,28600.0,0.0
CTS,10:04:59,Buy Up,1000.0,28600.0,0.0
CTS,10:04:53,Sell Down,200.0,28600.0,0.0
CTS,10:04:53,Sell Down,2000.0,28600.0,50.0
CTS,10:04:34,Sell Down,100.0,28550.0,-50.0
CTS,10:04:31,Buy Up,1000.0,28600.0,50.0
CTS,10:04:25,Sell Down,900.0,28550.0,-50.0
CTS,10:04:25,Buy Up,800.0,28600.0,0.0
CTS,10:04:19,Sell Down,1100.0,28600.0,0.0
CTS,10:04:19,Sell Down,3500.0,28600.0,0.0
CTS,10:04:19,Sell Down,1000.0,28600.0,0.0
CTS,10:04:19,Sell Down,100.0,28600.0,0.0
CTS,10:04:19,Sell Down,5000.0,28600.0,0.0
CTS,10:04:19,Sell Down,8100.0,28600.0,50.0
CTS,10:04:05,Sell Down,2000.0,28550.0,0.0
CTS,10:03:58,Sell Down,2000.0,28550.0,0.0
CTS,10:02:59,Sell Down,200.0,28550.0,0.0
CTS,10:02:43,Sell Down,100.0,28550.0,0.0
CTS,10:02:21,Sell Down,200.0,28550.0,0.0
CTS,10:02:21,Sell Down,1000.0,28550.0,0.0
CTS,10:02:21,Sell Down,800.0,28550.0,-50.0
CTS,10:01:40,Sell Down,200.0,28600.0,0.0
CTS,10:01:40,Sell Down,1000.0,28600.0,0.0
CTS,10:01:40,Sell Down,700.0,28600.0,0.0
CTS,10:01:26,Sell Down,3000.0,28600.0,0.0
CTS,10:01:13,Buy Up,200.0,28600.0,0.0
CTS,10:01:13,Buy Up,1000.0,28600.0,0.0
CTS,10:01:13,Buy Up,100.0,28600.0,0.0
CTS,10:00:46,Buy Up,900.0,28600.0,0.0
CTS,10:00:46,Buy Up,100.0,28600.0,0.0
CTS,10:00:42,Buy Up,300.0,28600.0,0.0
CTS,10:00:42,Buy Up,100.0,28600.0,0.0
CTS,10:00:42,Buy Up,200.0,28600.0,0.0
CTS,10:00:42,Buy Up,600.0,28600.0,0.0
CTS,10:00:42,Buy Up,400.0,28600.0,0.0
CTS,10:00:42,Buy Up,400.0,28600.0,0.0
CTS,10:00:42,Buy Up,400.0,28600.0,0.0
CTS,10:00:42,Buy Up,2200.0,28600.0,0.0
CTS,10:00:42,Buy Up,500.0,28600.0,0.0
CTS,10:00:41,Buy Up,1000.0,28600.0,0.0
CTS,10:00:13,Buy Up,1000.0,28600.0,0.0
CTS,09:59:53,Buy Up,500.0,28600.0,0.0
CTS,09:59:53,Buy Up,1000.0,28600.0,0.0
CTS,09:59:53,Buy Up,1500.0,28600.0,0.0
CTS,09:59:53,Buy Up,300.0,28600.0,0.0
CTS,09:59:36,Sell Down,1000.0,28600.0,0.0
CTS,09:59:27,Sell Down,200.0,28600.0,0.0
CTS,09:59:23,Sell Down,500.0,28600.0,-50.0
CTS,09:59:11,Buy Up,200.0,28650.0,0.0
CTS,09:59:02,Buy Up,1700.0,28650.0,0.0
CTS,09:59:02,Buy Up,800.0,28650.0,0.0
CTS,09:58:50,Sell Down,1200.0,28650.0,0.0
CTS,09:58:48,Sell Down,500.0,28650.0,0.0
CTS,09:58:47,Sell Down,1000.0,28650.0,0.0
CTS,09:58:43,Sell Down,5000.0,28650.0,0.0
CTS,09:58:40,Sell Down,2400.0,28650.0,0.0
CTS,09:58:40,Sell Down,1000.0,28650.0,0.0
CTS,09:58:40,Sell Down,100.0,28650.0,0.0
CTS,09:58:35,Sell Down,3000.0,28650.0,0.0
CTS,09:58:35,Sell Down,100.0,28650.0,0.0
CTS,09:58:34,Sell Down,2000.0,28650.0,0.0
CTS,09:58:32,Sell Down,500.0,28650.0,0.0
CTS,09:58:28,Sell Down,100.0,28650.0,0.0
CTS,09:58:22,Sell Down,800.0,28650.0,0.0
CTS,09:58:06,Sell Down,100.0,28650.0,0.0
CTS,09:57:46,Sell Down,2200.0,28650.0,0.0
CTS,09:57:46,Sell Down,500.0,28650.0,0.0
CTS,09:57:46,Sell Down,100.0,28650.0,0.0
CTS,09:57:46,Sell Down,200.0,28650.0,0.0
CTS,09:57:45,Sell Down,100.0,28650.0,0.0
CTS,09:57:40,Sell Down,700.0,28650.0,0.0
CTS,09:57:40,Sell Down,500.0,28650.0,0.0
CTS,09:57:40,Sell Down,500.0,28650.0,0.0
CTS,09:57:40,Sell Down,500.0,28650.0,0.0
CTS,09:57:40,Sell Down,800.0,28650.0,0.0
CTS,09:57:40,Sell Down,3000.0,28650.0,0.0
CTS,09:57:39,Sell Down,500.0,28650.0,0.0
CTS,09:57:34,Sell Down,800.0,28650.0,0.0
CTS,09:57:22,Sell Down,3900.0,28650.0,-50.0
CTS,09:57:21,Buy Up,1100.0,28700.0,0.0
CTS,09:57:21,Buy Up,1900.0,28700.0,50.0
CTS,09:57:14,Sell Down,100.0,28650.0,0.0
CTS,09:57:09,Sell Down,100.0,28650.0,-50.0
CTS,09:56:58,Buy Up,3200.0,28700.0,0.0
CTS,09:56:52,Buy Up,1000.0,28700.0,50.0
CTS,09:56:47,Sell Down,1000.0,28650.0,-50.0
CTS,09:56:40,Buy Up,500.0,28700.0,0.0
CTS,09:56:25,Buy Up,500.0,28700.0,0.0
CTS,09:55:56,Buy Up,2000.0,28700.0,50.0
CTS,09:55:51,Sell Down,3800.0,28650.0,-50.0
CTS,09:55:35,Buy Up,500.0,28700.0,0.0
CTS,09:55:27,Buy Up,300.0,28700.0,0.0
CTS,09:55:15,Sell Down,2400.0,28700.0,0.0
CTS,09:55:15,Sell Down,7700.0,28700.0,0.0
CTS,09:55:12,Sell Down,1500.0,28700.0,0.0
CTS,09:54:50,Sell Down,500.0,28700.0,0.0
CTS,09:54:43,Sell Down,3000.0,28700.0,-50.0
CTS,09:54:40,Buy Up,100.0,28750.0,0.0
CTS,09:54:40,Buy Up,100.0,28750.0,0.0
CTS,09:54:40,Buy Up,300.0,28750.0,0.0
CTS,09:54:23,Buy Up,100.0,28750.0,50.0
CTS,09:54:11,Buy Up,300.0,28700.0,0.0
CTS,09:54:11,Buy Up,100.0,28700.0,0.0
CTS,09:54:11,Buy Up,500.0,28700.0,0.0
CTS,09:54:11,Buy Up,1000.0,28700.0,0.0
CTS,09:54:11,Buy Up,400.0,28700.0,0.0
CTS,09:54:10,Buy Up,100.0,28700.0,0.0
CTS,09:54:10,Buy Up,400.0,28700.0,0.0
CTS,09:54:09,Buy Up,100.0,28700.0,0.0
CTS,09:54:09,Buy Up,1000.0,28700.0,0.0
CTS,09:54:09,Buy Up,3700.0,28700.0,0.0
CTS,09:54:05,Buy Up,1000.0,28700.0,0.0
CTS,09:54:04,Buy Up,300.0,28700.0,0.0
CTS,09:54:04,Buy Up,3000.0,28700.0,0.0
CTS,09:54:04,Buy Up,200.0,28700.0,0.0
CTS,09:54:04,Buy Up,200.0,28700.0,0.0
CTS,09:54:04,Buy Up,2000.0,28700.0,0.0
CTS,09:54:04,Buy Up,1300.0,28700.0,0.0
CTS,09:54:03,Buy Up,3700.0,28700.0,0.0
CTS,09:54:03,Buy Up,1300.0,28700.0,0.0
CTS,09:54:01,Buy Up,1000.0,28700.0,0.0
CTS,09:53:56,Buy Up,100.0,28700.0,0.0
CTS,09:53:56,Buy Up,500.0,28700.0,0.0
CTS,09:53:56,Buy Up,200.0,28700.0,0.0
CTS,09:53:56,Buy Up,100.0,28700.0,0.0
CTS,09:53:56,Buy Up,100.0,28700.0,0.0
CTS,09:53:56,Buy Up,1000.0,28700.0,0.0
CTS,09:53:56,Buy Up,1000.0,28700.0,0.0
CTS,09:53:56,Buy Up,2000.0,28700.0,50.0
CTS,09:53:36,Sell Down,2000.0,28650.0,-50.0
CTS,09:53:33,Buy Up,1300.0,28700.0,0.0
CTS,09:53:33,Buy Up,3000.0,28700.0,0.0
CTS,09:53:33,Buy Up,700.0,28700.0,50.0
CTS,09:53:31,Sell Down,100.0,28650.0,-50.0
CTS,09:53:27,Buy Up,700.0,28700.0,0.0
CTS,09:53:27,Buy Up,200.0,28700.0,0.0
CTS,09:53:27,Buy Up,500.0,28700.0,0.0
CTS,09:53:27,Buy Up,100.0,28700.0,0.0
CTS,09:53:27,Buy Up,100.0,28700.0,0.0
CTS,09:53:27,Buy Up,600.0,28700.0,0.0
CTS,09:53:27,Buy Up,400.0,28700.0,0.0
CTS,09:53:27,Buy Up,200.0,28700.0,0.0
CTS,09:53:27,Buy Up,2200.0,28700.0,0.0
CTS,09:53:22,Buy Up,200.0,28700.0,50.0
CTS,09:53:18,Sell Down,300.0,28650.0,-50.0
CTS,09:53:18,Buy Up,2300.0,28700.0,0.0
CTS,09:53:17,Buy Up,5300.0,28700.0,0.0
CTS,09:53:17,Buy Up,1400.0,28700.0,50.0
CTS,09:53:16,Sell Down,200.0,28650.0,0.0
CTS,09:53:14,Buy Up,100.0,28650.0,0.0
CTS,09:53:14,Buy Up,100.0,28650.0,0.0
CTS,09:53:14,Buy Up,1000.0,28650.0,0.0
CTS,09:53:14,Buy Up,500.0,28650.0,0.0
CTS,09:53:14,Buy Up,100.0,28650.0,0.0
CTS,09:53:14,Buy Up,200.0,28650.0,0.0
CTS,09:53:14,Buy Up,1000.0,28650.0,0.0
CTS,09:53:14,Buy Up,2000.0,28650.0,0.0
CTS,09:53:14,Buy Up,5000.0,28650.0,0.0
CTS,09:53:14,Buy Up,1200.0,28650.0,0.0
CTS,09:53:14,Buy Up,2000.0,28650.0,0.0
CTS,09:53:14,Buy Up,100.0,28650.0,0.0
CTS,09:53:14,Buy Up,100.0,28650.0,0.0
CTS,09:53:14,Buy Up,2000.0,28650.0,0.0
CTS,09:53:14,Buy Up,100.0,28650.0,0.0
CTS,09:53:14,Buy Up,300.0,28650.0,0.0
CTS,09:53:14,Buy Up,1400.0,28650.0,0.0
CTS,09:53:11,Buy Up,3000.0,28650.0,0.0
CTS,09:53:06,Buy Up,6700.0,28650.0,0.0
CTS,09:53:06,Buy Up,100.0,28650.0,0.0
CTS,09:53:06,Buy Up,1400.0,28650.0,50.0
CTS,09:52:52,Sell Down,500.0,28600.0,0.0
CTS,09:52:51,Sell Down,300.0,28600.0,-50.0
CTS,09:52:48,Buy Up,100.0,28650.0,50.0
CTS,09:52:48,Sell Down,200.0,28600.0,0.0
CTS,09:52:45,Sell Down,500.0,28600.0,0.0
CTS,09:52:43,Sell Down,100.0,28600.0,0.0
CTS,09:51:55,Sell Down,500.0,28600.0,0.0
CTS,09:51:52,Sell Down,200.0,28600.0,0.0
CTS,09:51:27,Sell Down,1000.0,28600.0,0.0
CTS,09:51:27,Sell Down,100.0,28600.0,0.0
CTS,09:51:27,Sell Down,1500.0,28600.0,0.0
CTS,09:51:22,Buy Up,200.0,28600.0,0.0
CTS,09:51:19,Buy Up,800.0,28600.0,0.0
CTS,09:51:19,Buy Up,300.0,28600.0,0.0
CTS,09:51:19,Buy Up,300.0,28600.0,0.0
CTS,09:51:10,Buy Up,100.0,28600.0,0.0
CTS,09:51:10,Buy Up,200.0,28600.0,0.0
CTS,09:51:10,Buy Up,100.0,28600.0,0.0
CTS,09:51:10,Buy Up,500.0,28600.0,0.0
CTS,09:51:10,Buy Up,2000.0,28600.0,0.0
CTS,09:51:10,Buy Up,1200.0,28600.0,0.0
CTS,09:51:10,Buy Up,500.0,28600.0,0.0
CTS,09:51:10,Buy Up,100.0,28600.0,0.0
CTS,09:51:10,Buy Up,1000.0,28600.0,0.0
CTS,09:51:10,Buy Up,500.0,28600.0,0.0
CTS,09:51:10,Buy Up,2000.0,28600.0,0.0
CTS,09:51:10,Buy Up,600.0,28600.0,0.0
CTS,09:51:10,Buy Up,5000.0,28600.0,0.0
CTS,09:51:10,Buy Up,600.0,28600.0,0.0
CTS,09:51:10,Buy Up,1600.0,28600.0,0.0
CTS,09:51:10,Buy Up,1000.0,28600.0,0.0
CTS,09:50:31,Buy Up,400.0,28600.0,0.0
CTS,09:50:31,Buy Up,1000.0,28600.0,0.0
CTS,09:50:31,Buy Up,300.0,28600.0,0.0
CTS,09:50:31,Buy Up,900.0,28600.0,50.0
CTS,09:50:20,Sell Down,500.0,28550.0,-50.0
CTS,09:49:02,Buy Up,100.0,28600.0,0.0
CTS,09:48:34,Buy Up,500.0,28600.0,0.0
CTS,09:47:49,Buy Up,300.0,28600.0,0.0
CTS,09:47:44,Buy Up,500.0,28600.0,0.0
CTS,09:47:22,Buy Up,300.0,28600.0,0.0
CTS,09:47:14,Buy Up,1500.0,28600.0,50.0
CTS,09:46:49,Sell Down,500.0,28550.0,0.0
CTS,09:46:46,Sell Down,1000.0,28550.0,0.0
CTS,09:46:34,Sell Down,200.0,28550.0,0.0
CTS,09:46:34,Sell Down,300.0,28550.0,0.0
CTS,09:46:20,Sell Down,3700.0,28550.0,0.0
CTS,09:46:20,Sell Down,200.0,28550.0,0.0
CTS,09:46:20,Sell Down,1100.0,28550.0,0.0
CTS,09:46:13,Sell Down,200.0,28550.0,0.0
CTS,09:46:05,Sell Down,500.0,28550.0,-50.0
CTS,09:45:58,Buy Up,100.0,28600.0,0.0
CTS,09:45:58,Buy Up,100.0,28600.0,50.0
CTS,09:45:51,Sell Down,200.0,28550.0,0.0
CTS,09:45:51,Sell Down,100.0,28550.0,0.0
CTS,09:45:51,Sell Down,700.0,28550.0,0.0
CTS,09:45:37,Sell Down,1000.0,28550.0,0.0
CTS,09:45:19,Sell Down,100.0,28550.0,0.0
CTS,09:45:15,Sell Down,2000.0,28550.0,0.0
CTS,09:44:48,Sell Down,2000.0,28550.0,0.0
CTS,09:44:29,Sell Down,600.0,28550.0,0.0
CTS,09:44:04,Sell Down,500.0,28550.0,0.0
CTS,09:43:50,Sell Down,300.0,28550.0,0.0
CTS,09:43:44,Sell Down,200.0,28550.0,0.0
CTS,09:43:31,Sell Down,100.0,28550.0,0.0
CTS,09:43:12,Sell Down,1000.0,28550.0,0.0
CTS,09:43:03,Sell Down,100.0,28550.0,-50.0
CTS,09:42:58,Buy Up,1000.0,28600.0,50.0
CTS,09:42:38,Sell Down,500.0,28550.0,0.0
CTS,09:42:30,Sell Down,200.0,28550.0,-50.0
CTS,09:42:29,Buy Up,2500.0,28600.0,50.0
CTS,09:42:27,Sell Down,200.0,28550.0,0.0
CTS,09:42:23,Sell Down,100.0,28550.0,0.0
CTS,09:41:52,Sell Down,400.0,28550.0,0.0
CTS,09:41:52,Sell Down,1000.0,28550.0,0.0
CTS,09:41:52,Sell Down,600.0,28550.0,0.0
CTS,09:41:35,Sell Down,1000.0,28550.0,-50.0
CTS,09:41:33,Buy Up,1000.0,28600.0,0.0
CTS,09:41:31,Buy Up,100.0,28600.0,0.0
CTS,09:41:06,Buy Up,100.0,28600.0,0.0
CTS,09:41:06,Sell Down,1000.0,28600.0,0.0
CTS,09:40:59,Buy Up,1000.0,28600.0,0.0
CTS,09:40:59,Buy Up,2000.0,28600.0,0.0
CTS,09:40:59,Buy Up,1000.0,28600.0,0.0
CTS,09:40:58,Sell Down,200.0,28600.0,0.0
CTS,09:40:58,Sell Down,100.0,28600.0,0.0
CTS,09:40:58,Sell Down,700.0,28600.0,0.0
CTS,09:40:51,Sell Down,300.0,28600.0,0.0
CTS,09:40:51,Sell Down,400.0,28600.0,0.0
CTS,09:40:51,Sell Down,300.0,28600.0,0.0
CTS,09:40:46,Sell Down,1700.0,28600.0,0.0
CTS,09:40:46,Sell Down,300.0,28600.0,-50.0
CTS,09:40:41,Buy Up,500.0,28650.0,0.0
CTS,09:40:41,Buy Up,100.0,28650.0,0.0
CTS,09:40:41,Buy Up,400.0,28650.0,50.0
CTS,09:40:39,Sell Down,4000.0,28600.0,-50.0
CTS,09:40:27,Buy Up,600.0,28650.0,0.0
CTS,09:40:27,Buy Up,2900.0,28650.0,0.0
CTS,09:40:27,Buy Up,100.0,28650.0,0.0
CTS,09:40:27,Buy Up,400.0,28650.0,0.0
CTS,09:40:26,Buy Up,500.0,28650.0,0.0
CTS,09:40:17,Buy Up,100.0,28650.0,0.0
CTS,09:40:17,Buy Up,1900.0,28650.0,0.0
CTS,09:40:15,Buy Up,1000.0,28650.0,0.0
CTS,09:39:55,Buy Up,100.0,28650.0,0.0
CTS,09:39:55,Buy Up,100.0,28650.0,0.0
CTS,09:39:55,Buy Up,100.0,28650.0,0.0
CTS,09:39:55,Buy Up,100.0,28650.0,0.0
CTS,09:39:55,Buy Up,100.0,28650.0,0.0
CTS,09:39:55,Buy Up,300.0,28650.0,0.0
CTS,09:39:55,Buy Up,1000.0,28650.0,0.0
CTS,09:39:55,Buy Up,100.0,28650.0,0.0
CTS,09:39:55,Buy Up,100.0,28650.0,50.0
CTS,09:39:48,Sell Down,500.0,28600.0,0.0
CTS,09:39:47,Sell Down,200.0,28600.0,0.0
CTS,09:39:47,Sell Down,2800.0,28600.0,0.0
CTS,09:39:22,Buy Up,100.0,28600.0,0.0
CTS,09:39:22,Buy Up,500.0,28600.0,0.0
CTS,09:39:22,Buy Up,3000.0,28600.0,0.0
CTS,09:39:22,Buy Up,200.0,28600.0,0.0
CTS,09:39:22,Buy Up,1000.0,28600.0,0.0
CTS,09:39:22,Buy Up,200.0,28600.0,0.0
CTS,09:39:22,Buy Up,500.0,28600.0,0.0
CTS,09:39:22,Buy Up,1000.0,28600.0,0.0
CTS,09:39:22,Buy Up,100.0,28600.0,0.0
CTS,09:39:22,Buy Up,600.0,28600.0,0.0
CTS,09:39:21,Buy Up,1400.0,28600.0,0.0
CTS,09:39:21,Buy Up,1000.0,28600.0,0.0
CTS,09:39:21,Buy Up,1000.0,28600.0,0.0
CTS,09:39:21,Buy Up,100.0,28600.0,0.0
CTS,09:39:21,Buy Up,1000.0,28600.0,0.0
CTS,09:39:21,Buy Up,400.0,28600.0,50.0
CTS,09:39:20,Sell Down,100.0,28550.0,0.0
CTS,09:39:20,Sell Down,900.0,28550.0,-50.0
CTS,09:39:18,Buy Up,1600.0,28600.0,0.0
CTS,09:39:18,Buy Up,100.0,28600.0,0.0
CTS,09:39:10,Buy Up,900.0,28600.0,50.0
CTS,09:39:04,Buy Up,100.0,28550.0,0.0
CTS,09:39:02,Buy Up,900.0,28550.0,0.0
CTS,09:39:02,Buy Up,200.0,28550.0,0.0
CTS,09:39:02,Buy Up,100.0,28550.0,0.0
CTS,09:39:02,Buy Up,100.0,28550.0,0.0
CTS,09:39:02,Buy Up,300.0,28550.0,0.0
CTS,09:39:02,Buy Up,300.0,28550.0,0.0
CTS,09:39:02,Buy Up,100.0,28550.0,50.0
CTS,09:38:52,Buy Up,500.0,28500.0,0.0
CTS,09:38:52,Buy Up,3000.0,28500.0,0.0
CTS,09:38:52,Buy Up,100.0,28500.0,0.0
CTS,09:38:52,Buy Up,300.0,28500.0,0.0
CTS,09:38:52,Buy Up,1000.0,28500.0,0.0
CTS,09:38:52,Buy Up,100.0,28500.0,0.0
CTS,09:38:52,Buy Up,1500.0,28500.0,0.0
CTS,09:38:52,Buy Up,1000.0,28500.0,0.0
CTS,09:38:52,Buy Up,1000.0,28500.0,0.0
CTS,09:38:52,Buy Up,100.0,28500.0,0.0
CTS,09:38:52,Buy Up,5000.0,28500.0,0.0
CTS,09:38:52,Buy Up,100.0,28500.0,0.0
CTS,09:38:52,Buy Up,300.0,28500.0,0.0
CTS,09:38:52,Buy Up,400.0,28500.0,0.0
CTS,09:38:52,Buy Up,100.0,28500.0,0.0
CTS,09:38:52,Buy Up,500.0,28500.0,0.0
CTS,09:38:52,Buy Up,300.0,28500.0,0.0
CTS,09:38:52,Buy Up,1000.0,28500.0,0.0
CTS,09:38:52,Buy Up,1000.0,28500.0,0.0
CTS,09:38:52,Buy Up,1000.0,28500.0,0.0
CTS,09:38:52,Buy Up,100.0,28500.0,0.0
CTS,09:38:52,Buy Up,1000.0,28500.0,0.0
CTS,09:38:52,Buy Up,600.0,28500.0,0.0
CTS,09:38:52,Buy Up,1300.0,28500.0,0.0
CTS,09:38:52,Buy Up,100.0,28500.0,0.0
CTS,09:38:52,Buy Up,200.0,28500.0,0.0
CTS,09:38:52,Buy Up,5000.0,28500.0,0.0
CTS,09:38:52,Buy Up,100.0,28500.0,0.0
CTS,09:38:52,Buy Up,500.0,28500.0,0.0
CTS,09:38:52,Buy Up,200.0,28500.0,0.0
CTS,09:38:52,Buy Up,1000.0,28500.0,0.0
CTS,09:38:52,Buy Up,200.0,28500.0,0.0
CTS,09:38:52,Buy Up,2000.0,28500.0,0.0
CTS,09:38:52,Buy Up,500.0,28500.0,0.0
CTS,09:38:52,Buy Up,500.0,28500.0,0.0
CTS,09:38:52,Buy Up,10600.0,28500.0,50.0
CTS,09:38:52,Sell Down,100.0,28450.0,-50.0
CTS,09:38:51,Buy Up,4400.0,28500.0,0.0
CTS,09:38:51,Buy Up,500.0,28500.0,0.0
CTS,09:38:51,Buy Up,100.0,28500.0,0.0
CTS,09:38:49,Buy Up,400.0,28500.0,0.0
CTS,09:38:49,Buy Up,1500.0,28500.0,0.0
CTS,09:38:49,Buy Up,1000.0,28500.0,0.0
CTS,09:38:42,Buy Up,1500.0,28500.0,0.0
CTS,09:38:35,Buy Up,1000.0,28500.0,0.0
CTS,09:38:25,Buy Up,400.0,28500.0,0.0
CTS,09:38:08,Buy Up,1000.0,28500.0,0.0
CTS,09:37:56,Buy Up,1000.0,28500.0,50.0
CTS,09:37:51,Sell Down,100.0,28450.0,-50.0
CTS,09:37:40,Buy Up,300.0,28500.0,50.0
CTS,09:37:07,Sell Down,200.0,28450.0,0.0
CTS,09:37:07,Sell Down,800.0,28450.0,-50.0
CTS,09:37:04,Buy Up,2000.0,28500.0,50.0
CTS,09:37:02,Sell Down,2000.0,28450.0,-50.0
CTS,09:36:49,Buy Up,100.0,28500.0,50.0
CTS,09:36:49,Buy Up,500.0,28450.0,0.0
CTS,09:36:49,Buy Up,200.0,28450.0,0.0
CTS,09:36:49,Buy Up,500.0,28450.0,0.0
CTS,09:36:46,Buy Up,500.0,28450.0,0.0
CTS,09:36:46,Buy Up,1500.0,28450.0,0.0
CTS,09:36:45,Buy Up,900.0,28450.0,0.0
CTS,09:36:39,Buy Up,100.0,28450.0,0.0
CTS,09:36:35,Sell Down,500.0,28450.0,0.0
CTS,09:36:35,Sell Down,500.0,28450.0,0.0
CTS,09:36:35,Sell Down,2900.0,28450.0,0.0
CTS,09:36:32,Sell Down,200.0,28450.0,0.0
CTS,09:36:16,Buy Up,600.0,28450.0,0.0
CTS,09:36:14,Buy Up,9400.0,28450.0,0.0
CTS,09:36:14,Buy Up,200.0,28450.0,0.0
CTS,09:36:14,Buy Up,400.0,28450.0,0.0
CTS,09:36:12,Buy Up,1000.0,28450.0,0.0
CTS,09:36:10,Buy Up,100.0,28450.0,0.0
CTS,09:36:10,Buy Up,200.0,28450.0,0.0
CTS,09:36:10,Buy Up,300.0,28450.0,0.0
CTS,09:36:10,Buy Up,500.0,28450.0,0.0
CTS,09:36:09,Buy Up,300.0,28450.0,0.0
CTS,09:36:09,Buy Up,200.0,28450.0,0.0
CTS,09:36:09,Buy Up,200.0,28450.0,0.0
CTS,09:36:09,Buy Up,500.0,28450.0,0.0
CTS,09:36:09,Buy Up,2000.0,28450.0,0.0
CTS,09:36:09,Buy Up,500.0,28450.0,0.0
CTS,09:36:09,Buy Up,2000.0,28450.0,0.0
CTS,09:36:09,Buy Up,200.0,28450.0,0.0
CTS,09:36:09,Buy Up,1000.0,28450.0,0.0
CTS,09:36:09,Buy Up,300.0,28450.0,0.0
CTS,09:36:09,Buy Up,2000.0,28450.0,0.0
CTS,09:35:58,Buy Up,1000.0,28450.0,50.0
CTS,09:35:34,Buy Up,1900.0,28400.0,0.0
CTS,09:35:34,Buy Up,100.0,28400.0,0.0
CTS,09:35:34,Buy Up,900.0,28400.0,0.0
CTS,09:35:24,Buy Up,1000.0,28400.0,0.0
CTS,09:35:24,Buy Up,600.0,28400.0,0.0
CTS,09:35:23,Buy Up,600.0,28400.0,0.0
CTS,09:35:22,Buy Up,300.0,28400.0,0.0
CTS,09:35:22,Buy Up,1100.0,28400.0,0.0
CTS,09:35:22,Buy Up,100.0,28400.0,0.0
CTS,09:35:22,Buy Up,1500.0,28400.0,0.0
CTS,09:35:17,Buy Up,3500.0,28400.0,0.0
CTS,09:35:17,Buy Up,500.0,28400.0,0.0
CTS,09:35:17,Buy Up,100.0,28400.0,0.0
CTS,09:35:17,Buy Up,900.0,28400.0,0.0
CTS,09:35:09,Buy Up,100.0,28400.0,50.0
CTS,09:34:54,Buy Up,300.0,28350.0,0.0
CTS,09:34:53,Buy Up,100.0,28350.0,0.0
CTS,09:34:44,Buy Up,500.0,28350.0,50.0
CTS,09:34:42,Sell Down,2000.0,28300.0,0.0
CTS,09:34:16,Sell Down,500.0,28300.0,0.0
CTS,09:34:16,Sell Down,500.0,28300.0,-50.0
CTS,09:34:12,Buy Up,100.0,28350.0,50.0
CTS,09:34:06,Buy Up,500.0,28300.0,0.0
CTS,09:34:06,Buy Up,2100.0,28300.0,0.0
CTS,09:34:06,Buy Up,300.0,28300.0,0.0
CTS,09:33:59,Buy Up,100.0,28300.0,0.0
CTS,09:33:59,Buy Up,2000.0,28300.0,0.0
CTS,09:33:59,Buy Up,200.0,28300.0,0.0
CTS,09:33:59,Buy Up,1700.0,28300.0,50.0
CTS,09:33:37,Buy Up,1600.0,28250.0,0.0
CTS,09:33:35,Buy Up,500.0,28250.0,0.0
CTS,09:33:34,Buy Up,1900.0,28250.0,0.0
CTS,09:33:34,Buy Up,100.0,28250.0,0.0
CTS,09:33:17,Buy Up,100.0,28250.0,0.0
CTS,09:33:13,Buy Up,700.0,28250.0,0.0
CTS,09:33:09,Buy Up,1000.0,28250.0,50.0
CTS,09:33:01,Sell Down,5000.0,28200.0,0.0
CTS,09:32:24,Sell Down,1000.0,28200.0,0.0
CTS,09:32:07,Buy Up,500.0,28200.0,0.0
CTS,09:32:07,Buy Up,1000.0,28200.0,0.0
CTS,09:31:50,Buy Up,1000.0,28200.0,0.0
CTS,09:31:50,Buy Up,3000.0,28200.0,0.0
CTS,09:31:48,Buy Up,500.0,28200.0,0.0
CTS,09:31:29,Buy Up,1000.0,28200.0,50.0
CTS,09:30:31,Sell Down,200.0,28150.0,-50.0
CTS,09:30:19,Buy Up,100.0,28200.0,-50.0
CTS,09:29:55,Buy Up,300.0,28250.0,50.0
CTS,09:29:20,Buy Up,400.0,28200.0,50.0
CTS,09:29:20,Buy Up,300.0,28150.0,50.0
CTS,09:28:51,Sell Down,200.0,28100.0,-50.0
CTS,09:28:51,Sell Down,1000.0,28150.0,-50.0
CTS,09:28:33,Buy Up,1200.0,28200.0,0.0
CTS,09:28:22,Sell Down,900.0,28200.0,0.0
CTS,09:28:22,Sell Down,500.0,28200.0,-50.0
CTS,09:27:50,Sell Down,800.0,28250.0,0.0
CTS,09:27:39,Sell Down,1000.0,28250.0,0.0
CTS,09:27:24,Sell Down,200.0,28250.0,-50.0
CTS,09:26:32,Buy Up,300.0,28300.0,0.0
CTS,09:26:09,Buy Up,1000.0,28300.0,0.0
CTS,09:26:09,Buy Up,1000.0,28300.0,0.0
CTS,09:26:09,Buy Up,1000.0,28300.0,0.0
CTS,09:26:03,Sell Down,1000.0,28300.0,0.0
CTS,09:26:03,Sell Down,200.0,28300.0,0.0
CTS,09:26:02,Sell Down,500.0,28300.0,0.0
CTS,09:25:59,Sell Down,1000.0,28300.0,0.0
CTS,09:25:55,Sell Down,500.0,28300.0,0.0
CTS,09:25:50,Sell Down,200.0,28300.0,0.0
CTS,09:25:50,Sell Down,800.0,28300.0,0.0
CTS,09:25:36,Sell Down,5000.0,28300.0,0.0
CTS,09:25:20,Sell Down,2000.0,28300.0,0.0
CTS,09:25:17,Sell Down,10000.0,28300.0,0.0
CTS,09:25:15,Sell Down,200.0,28300.0,0.0
CTS,09:24:59,Sell Down,1000.0,28300.0,0.0
CTS,09:24:50,Sell Down,200.0,28300.0,0.0
CTS,09:24:45,Sell Down,1500.0,28300.0,0.0
CTS,09:24:38,Sell Down,5000.0,28300.0,-100.0
CTS,09:24:21,Buy Up,100.0,28400.0,0.0
CTS,09:24:14,Buy Up,400.0,28400.0,0.0
CTS,09:24:10,Buy Up,5000.0,28400.0,0.0
CTS,09:24:02,Buy Up,100.0,28400.0,0.0
CTS,09:24:02,Buy Up,900.0,28400.0,0.0
CTS,09:24:01,Sell Down,100.0,28400.0,0.0
CTS,09:24:01,Sell Down,4900.0,28400.0,0.0
CTS,09:23:56,Sell Down,100.0,28400.0,0.0
CTS,09:23:56,Sell Down,100.0,28400.0,0.0
CTS,09:23:51,Sell Down,400.0,28400.0,0.0
CTS,09:23:51,Sell Down,1000.0,28400.0,0.0
CTS,09:23:51,Sell Down,3600.0,28400.0,0.0
CTS,09:23:40,Sell Down,100.0,28400.0,0.0
CTS,09:23:29,Sell Down,100.0,28400.0,0.0
CTS,09:23:28,Sell Down,1000.0,28400.0,0.0
CTS,09:23:27,Sell Down,2000.0,28400.0,0.0
CTS,09:23:12,Sell Down,7000.0,28400.0,-50.0
CTS,09:23:07,Buy Up,500.0,28450.0,50.0
CTS,09:22:52,Sell Down,2000.0,28400.0,0.0
CTS,09:22:38,Sell Down,200.0,28400.0,0.0
CTS,09:22:30,Sell Down,500.0,28400.0,-50.0
CTS,09:22:25,Buy Up,200.0,28450.0,0.0
CTS,09:22:21,Buy Up,100.0,28450.0,0.0
CTS,09:21:36,Buy Up,1000.0,28450.0,0.0
CTS,09:21:24,Buy Up,100.0,28450.0,0.0
CTS,09:21:10,Sell Down,1300.0,28450.0,-50.0
CTS,09:20:42,Buy Up,100.0,28500.0,0.0
CTS,09:20:42,Buy Up,200.0,28500.0,0.0
CTS,09:20:42,Buy Up,1000.0,28500.0,0.0
CTS,09:20:42,Buy Up,2000.0,28500.0,0.0
CTS,09:20:42,Buy Up,500.0,28500.0,0.0
CTS,09:20:42,Buy Up,100.0,28500.0,0.0
CTS,09:20:42,Buy Up,100.0,28500.0,0.0
CTS,09:20:42,Buy Up,200.0,28500.0,0.0
CTS,09:20:42,Buy Up,1800.0,28500.0,0.0
CTS,09:20:42,Buy Up,300.0,28500.0,50.0
CTS,09:20:36,Sell Down,500.0,28450.0,0.0
CTS,09:20:30,Sell Down,200.0,28450.0,0.0
CTS,09:20:20,Buy Up,700.0,28450.0,0.0
CTS,09:20:20,Sell Down,100.0,28450.0,0.0
CTS,09:20:17,Buy Up,1000.0,28450.0,0.0
CTS,09:20:17,Buy Up,500.0,28450.0,0.0
CTS,09:20:17,Buy Up,700.0,28450.0,0.0
CTS,09:20:06,Sell Down,300.0,28450.0,0.0
CTS,09:20:03,Sell Down,2000.0,28450.0,0.0
CTS,09:20:00,Sell Down,1000.0,28450.0,0.0
CTS,09:19:57,Sell Down,1000.0,28450.0,0.0
CTS,09:19:52,Sell Down,700.0,28450.0,0.0
CTS,09:19:51,Buy Up,300.0,28450.0,0.0
CTS,09:19:51,Buy Up,100.0,28450.0,50.0
CTS,09:19:34,Sell Down,1000.0,28400.0,0.0
CTS,09:19:34,Sell Down,1000.0,28400.0,0.0
CTS,09:19:34,Sell Down,200.0,28400.0,0.0
CTS,09:19:34,Sell Down,300.0,28400.0,0.0
CTS,09:19:34,Sell Down,1000.0,28400.0,100.0
CTS,09:19:18,Sell Down,1000.0,28300.0,100.0
CTS,09:18:35,Sell Down,1000.0,28200.0,0.0
CTS,09:18:35,Sell Down,100.0,28200.0,50.0
CTS,09:18:35,Sell Down,1000.0,28150.0,0.0
CTS,09:18:35,Sell Down,500.0,28150.0,0.0
CTS,09:18:35,Sell Down,700.0,28150.0,0.0
CTS,09:18:24,Buy Up,100.0,28150.0,0.0
CTS,09:18:08,Buy Up,100.0,28150.0,0.0
CTS,09:18:08,Buy Up,100.0,28150.0,150.0
CTS,09:18:07,Sell Down,200.0,28000.0,0.0
CTS,09:18:07,Sell Down,3800.0,28000.0,-50.0
CTS,09:18:07,Sell Down,200.0,28050.0,0.0
CTS,09:18:07,Sell Down,3700.0,28050.0,0.0
CTS,09:18:07,Sell Down,1100.0,28050.0,50.0
CTS,09:17:53,Sell Down,100.0,28000.0,0.0
CTS,09:17:22,Sell Down,2000.0,28000.0,0.0
CTS,09:17:13,Buy Up,1100.0,28000.0,0.0
CTS,09:17:10,Buy Up,8000.0,28000.0,0.0
CTS,09:17:08,Buy Up,10000.0,28000.0,0.0
CTS,09:16:57,Buy Up,100.0,28000.0,0.0
CTS,09:16:32,Buy Up,7000.0,28000.0,0.0
CTS,09:16:18,Buy Up,1400.0,28000.0,0.0
CTS,09:16:14,Buy Up,200.0,28000.0,0.0
CTS,09:16:09,Buy Up,600.0,28000.0,0.0
CTS,09:16:04,Buy Up,1000.0,28000.0,0.0
CTS,09:15:51,Buy Up,200.0,28000.0,0.0
CTS,09:15:38,Buy Up,300.0,28000.0,0.0
CTS,09:15:33,Buy Up,2000.0,28000.0,0.0
CTS,09:15:26,Buy Up,2700.0,28000.0,0.0
CTS,09:15:26,Buy Up,10000.0,28000.0,0.0
CTS,09:15:26,Buy Up,10000.0,28000.0,0.0
CTS,09:15:26,Buy Up,1000.0,28000.0,0.0
CTS,09:15:26,Buy Up,5000.0,28000.0,0.0
CTS,09:15:26,Buy Up,800.0,28000.0,0.0
CTS,09:15:26,Buy Up,100.0,28000.0,0.0
CTS,09:15:25,Sell Down,10000.0,28000.0,0.0
CTS,09:15:25,Sell Down,2000.0,28000.0,0.0
CTS,09:15:25,Sell Down,1000.0,28000.0,0.0
CTS,09:15:25,Sell Down,1000.0,28000.0,-50.0
CTS,09:15:25,Sell Down,9500.0,28050.0,-50.0
CTS,09:15:25,Buy Up,100.0,28100.0,50.0
CTS,09:15:00,,5000.0,28050.0,0.0
