ticker,time,orderType,volume,price,prevPriceChange
HDG,10:47:28,Sell Down,200,26850.0,0.0
HDG,10:47:28,Sell Down,200,26850.0,0.0
HDG,10:47:28,Sell Down,100,26850.0,0.0
HDG,10:47:28,Sell Down,100,26850.0,0.0
HDG,10:46:58,Sell Down,600,26850.0,0.0
HDG,10:46:32,Sell Down,100,26850.0,0.0
HDG,10:46:27,Sell Down,200,26850.0,0.0
HDG,10:46:27,Sell Down,400,26850.0,0.0
HDG,10:45:57,Sell Down,600,26850.0,0.0
HDG,10:45:53,Sell Down,600,26850.0,0.0
HDG,10:45:53,Sell Down,100,26850.0,0.0
HDG,10:45:53,Sell Down,100,26850.0,0.0
HDG,10:45:53,Sell Down,100,26850.0,0.0
HDG,10:45:53,Sell Down,100,26850.0,0.0
HDG,10:45:27,Sell Down,400,26850.0,0.0
HDG,10:45:27,Sell Down,200,26850.0,0.0
HDG,10:44:57,Sell Down,600,26850.0,0.0
HDG,10:44:27,Sell Down,600,26850.0,0.0
HDG,10:44:08,Sell Down,100,26850.0,0.0
HDG,10:43:57,Sell Down,600,26850.0,0.0
HDG,10:43:26,Sell Down,600,26850.0,0.0
HDG,10:42:57,Sell Down,300,26850.0,0.0
HDG,10:42:57,Sell Down,100,26850.0,-50.0
HDG,10:42:57,Buy Up,100,26900.0,0.0
HDG,10:42:57,Buy Up,100,26900.0,0.0
HDG,10:42:38,Buy Up,600,26900.0,50.0
HDG,10:42:26,Sell Down,600,26850.0,-50.0
HDG,10:42:02,Buy Up,400,26900.0,0.0
HDG,10:42:02,Buy Up,1000,26900.0,0.0
HDG,10:41:56,Sell Down,600,26900.0,0.0
HDG,10:41:52,Sell Down,1000,26900.0,0.0
HDG,10:41:52,Sell Down,100,26900.0,0.0
HDG,10:41:52,Sell Down,100,26900.0,0.0
HDG,10:41:52,Sell Down,1600,26900.0,0.0
HDG,10:41:52,Sell Down,600,26900.0,0.0
HDG,10:41:52,Sell Down,600,26900.0,0.0
HDG,10:41:26,Sell Down,400,26900.0,0.0
HDG,10:41:26,Sell Down,200,26900.0,0.0
HDG,10:41:12,Sell Down,100,26900.0,0.0
HDG,10:41:12,Sell Down,400,26900.0,0.0
HDG,10:41:09,Sell Down,1000,26900.0,0.0
HDG,10:41:02,Sell Down,5000,26900.0,0.0
HDG,10:40:56,Sell Down,600,26900.0,0.0
HDG,10:40:26,Sell Down,600,26900.0,0.0
HDG,10:40:18,Sell Down,500,26900.0,0.0
HDG,10:39:56,Sell Down,600,26900.0,0.0
HDG,10:39:42,Sell Down,2500,26900.0,0.0
HDG,10:39:31,Sell Down,500,26900.0,0.0
HDG,10:39:26,Sell Down,600,26900.0,0.0
HDG,10:38:56,Sell Down,500,26900.0,0.0
HDG,10:38:26,Sell Down,200,26900.0,0.0
HDG,10:38:26,Sell Down,300,26900.0,0.0
HDG,10:37:55,Sell Down,300,26900.0,0.0
HDG,10:37:55,Sell Down,200,26900.0,0.0
HDG,10:37:25,Sell Down,500,26900.0,0.0
HDG,10:37:20,Sell Down,300,26900.0,0.0
HDG,10:37:20,Sell Down,500,26900.0,0.0
HDG,10:37:20,Sell Down,700,26900.0,0.0
HDG,10:37:20,Sell Down,700,26900.0,0.0
HDG,10:37:20,Sell Down,100,26900.0,0.0
HDG,10:37:20,Sell Down,100,26900.0,0.0
HDG,10:37:20,Sell Down,400,26900.0,0.0
HDG,10:37:20,Sell Down,100,26900.0,0.0
HDG,10:37:19,Sell Down,1000,26900.0,0.0
HDG,10:37:19,Sell Down,500,26900.0,0.0
HDG,10:37:19,Sell Down,600,26900.0,0.0
HDG,10:36:55,Sell Down,100,26900.0,0.0
HDG,10:36:55,Sell Down,400,26900.0,0.0
HDG,10:36:31,Sell Down,100,26900.0,0.0
HDG,10:36:25,Sell Down,500,26900.0,-50.0
HDG,10:36:07,Buy Up,1300,26950.0,0.0
HDG,10:36:07,Buy Up,700,26950.0,50.0
HDG,10:35:55,Sell Down,500,26900.0,0.0
HDG,10:35:25,Sell Down,500,26900.0,0.0
HDG,10:34:54,Sell Down,500,26900.0,0.0
HDG,10:34:24,Sell Down,500,26900.0,0.0
HDG,10:34:13,Sell Down,500,26900.0,0.0
HDG,10:33:58,Buy Up,2000,26900.0,50.0
HDG,10:33:54,Sell Down,500,26850.0,-50.0
HDG,10:33:32,Buy Up,500,26900.0,0.0
HDG,10:33:32,Buy Up,500,26900.0,0.0
HDG,10:33:32,Buy Up,100,26900.0,0.0
HDG,10:33:32,Buy Up,6400,26900.0,0.0
HDG,10:33:28,Sell Down,2100,26900.0,0.0
HDG,10:33:24,Sell Down,500,26900.0,0.0
HDG,10:32:54,Sell Down,500,26900.0,0.0
HDG,10:32:24,Sell Down,500,26900.0,-50.0
HDG,10:32:10,Buy Up,300,26950.0,100.0
HDG,10:31:54,Sell Down,500,26850.0,0.0
HDG,10:31:23,Sell Down,400,26850.0,-50.0
HDG,10:31:23,Sell Down,100,26900.0,0.0
HDG,10:31:09,Sell Down,900,26900.0,50.0
HDG,10:30:53,Sell Down,500,26850.0,-50.0
HDG,10:30:37,Buy Up,100,26900.0,50.0
HDG,10:30:23,Sell Down,500,26850.0,0.0
HDG,10:29:53,Sell Down,500,26850.0,-100.0
HDG,10:29:44,Buy Up,500,26950.0,100.0
HDG,10:29:23,Sell Down,500,26850.0,-100.0
HDG,10:29:11,Buy Up,500,26950.0,0.0
HDG,10:29:11,Buy Up,300,26950.0,100.0
HDG,10:28:53,Sell Down,500,26850.0,0.0
HDG,10:28:51,Sell Down,2000,26850.0,0.0
HDG,10:28:23,Sell Down,300,26850.0,-50.0
HDG,10:28:23,Buy Up,200,26900.0,0.0
HDG,10:28:06,Sell Down,100,26900.0,0.0
HDG,10:28:06,Sell Down,100,26900.0,0.0
HDG,10:28:06,Sell Down,1000,26900.0,0.0
HDG,10:28:06,Sell Down,500,26900.0,0.0
HDG,10:28:06,Sell Down,300,26900.0,0.0
HDG,10:28:00,Sell Down,300,26900.0,0.0
HDG,10:27:53,Sell Down,500,26900.0,0.0
HDG,10:27:25,Sell Down,500,26900.0,0.0
HDG,10:26:49,Sell Down,500,26900.0,0.0
HDG,10:26:49,Sell Down,500,26900.0,0.0
HDG,10:26:19,Sell Down,400,26900.0,0.0
HDG,10:26:19,Sell Down,100,26900.0,0.0
HDG,10:25:49,Sell Down,500,26900.0,0.0
HDG,10:25:19,Sell Down,500,26900.0,-50.0
HDG,10:24:49,Buy Up,600,26950.0,0.0
HDG,10:24:49,Buy Up,100,26950.0,50.0
HDG,10:24:48,Sell Down,500,26900.0,0.0
HDG,10:24:18,Sell Down,500,26900.0,50.0
HDG,10:23:48,Sell Down,400,26850.0,-50.0
HDG,10:23:48,Sell Down,100,26900.0,-50.0
HDG,10:23:37,Buy Up,100,26950.0,50.0
HDG,10:23:18,Sell Down,100,26900.0,0.0
HDG,10:23:18,Sell Down,400,26900.0,0.0
HDG,10:23:09,Sell Down,2600,26900.0,0.0
HDG,10:23:04,Buy Up,400,26900.0,0.0
HDG,10:23:04,Buy Up,600,26900.0,0.0
HDG,10:23:02,Buy Up,100,26900.0,0.0
HDG,10:23:02,Buy Up,100,26900.0,0.0
HDG,10:22:49,Buy Up,500,26900.0,50.0
HDG,10:22:48,Sell Down,500,26850.0,-50.0
HDG,10:22:41,Buy Up,700,26900.0,0.0
HDG,10:22:41,Buy Up,100,26900.0,0.0
HDG,10:22:41,Buy Up,100,26900.0,0.0
HDG,10:22:41,Buy Up,100,26900.0,50.0
HDG,10:22:18,Sell Down,500,26850.0,-50.0
HDG,10:22:09,Buy Up,1000,26900.0,50.0
HDG,10:21:48,Sell Down,500,26850.0,0.0
HDG,10:21:36,Sell Down,300,26850.0,0.0
HDG,10:21:18,Sell Down,500,26850.0,0.0
HDG,10:20:47,Sell Down,400,26850.0,0.0
HDG,10:20:47,Sell Down,100,26850.0,0.0
HDG,10:20:27,Sell Down,900,26850.0,0.0
HDG,10:20:27,Sell Down,100,26850.0,0.0
HDG,10:20:27,Sell Down,1500,26850.0,0.0
HDG,10:20:27,Sell Down,100,26850.0,0.0
HDG,10:20:27,Sell Down,400,26850.0,0.0
HDG,10:20:17,Sell Down,100,26850.0,0.0
HDG,10:20:17,Sell Down,400,26850.0,-50.0
HDG,10:20:13,Buy Up,3000,26900.0,50.0
HDG,10:20:13,Sell Down,300,26850.0,0.0
HDG,10:19:47,Sell Down,300,26850.0,0.0
HDG,10:19:47,Sell Down,200,26850.0,-50.0
HDG,10:19:30,Buy Up,900,26900.0,0.0
HDG,10:19:17,Sell Down,100,26900.0,0.0
HDG,10:19:17,Sell Down,100,26900.0,0.0
HDG,10:19:17,Sell Down,300,26900.0,0.0
HDG,10:18:59,Sell Down,100,26900.0,0.0
HDG,10:18:58,Sell Down,100,26900.0,0.0
HDG,10:18:58,Sell Down,200,26900.0,0.0
HDG,10:18:58,Sell Down,700,26900.0,0.0
HDG,10:18:58,Sell Down,100,26900.0,0.0
HDG,10:18:58,Sell Down,500,26900.0,0.0
HDG,10:18:58,Sell Down,300,26900.0,0.0
HDG,10:18:58,Sell Down,100,26900.0,0.0
HDG,10:18:58,Sell Down,500,26900.0,0.0
HDG,10:18:58,Sell Down,100,26900.0,0.0
HDG,10:18:58,Sell Down,1000,26900.0,0.0
HDG,10:18:58,Sell Down,100,26900.0,0.0
HDG,10:18:58,Sell Down,1000,26900.0,0.0
HDG,10:18:58,Sell Down,300,26900.0,0.0
HDG,10:18:47,Sell Down,200,26900.0,0.0
HDG,10:18:47,Sell Down,300,26900.0,0.0
HDG,10:18:45,Sell Down,700,26900.0,0.0
HDG,10:18:45,Sell Down,100,26900.0,0.0
HDG,10:18:45,Sell Down,200,26900.0,0.0
HDG,10:18:17,Sell Down,300,26900.0,0.0
HDG,10:18:17,Sell Down,200,26900.0,0.0
HDG,10:17:47,Sell Down,500,26900.0,0.0
HDG,10:17:17,Sell Down,400,26900.0,-50.0
HDG,10:17:17,Sell Down,100,26950.0,0.0
HDG,10:17:09,Sell Down,500,26950.0,0.0
HDG,10:16:46,Sell Down,400,26950.0,0.0
HDG,10:16:46,Sell Down,100,26950.0,0.0
HDG,10:16:32,Buy Up,2900,26950.0,0.0
HDG,10:16:25,Buy Up,1000,26950.0,0.0
HDG,10:16:16,Sell Down,500,26950.0,50.0
HDG,10:15:46,Sell Down,200,26900.0,0.0
HDG,10:15:46,Sell Down,200,26900.0,0.0
HDG,10:15:46,Sell Down,100,26900.0,0.0
HDG,10:15:16,Sell Down,300,26900.0,0.0
HDG,10:15:16,Sell Down,100,26900.0,0.0
HDG,10:15:16,Sell Down,100,26900.0,0.0
HDG,10:14:46,Sell Down,500,26900.0,0.0
HDG,10:14:43,Sell Down,1000,26900.0,0.0
HDG,10:14:16,Sell Down,500,26900.0,0.0
HDG,10:13:46,Sell Down,500,26900.0,0.0
HDG,10:13:44,Sell Down,500,26900.0,0.0
HDG,10:13:40,Sell Down,500,26900.0,0.0
HDG,10:13:16,Sell Down,500,26900.0,0.0
HDG,10:13:13,Sell Down,500,26900.0,0.0
HDG,10:12:45,Sell Down,400,26900.0,0.0
HDG,10:12:45,Sell Down,100,26900.0,0.0
HDG,10:12:15,Sell Down,200,26900.0,0.0
HDG,10:12:15,Sell Down,100,26900.0,-50.0
HDG,10:12:15,Sell Down,200,26950.0,0.0
HDG,10:11:56,Sell Down,600,26950.0,0.0
HDG,10:11:56,Sell Down,200,26950.0,50.0
HDG,10:11:46,Sell Down,300,26900.0,0.0
HDG,10:11:45,Sell Down,100,26900.0,0.0
HDG,10:11:45,Sell Down,100,26900.0,0.0
HDG,10:11:15,Sell Down,500,26900.0,-50.0
HDG,10:11:13,Buy Up,100,26950.0,0.0
HDG,10:11:08,Buy Up,100,26950.0,50.0
HDG,10:10:45,Sell Down,100,26900.0,-50.0
HDG,10:10:45,Sell Down,400,26950.0,0.0
HDG,10:10:37,Sell Down,500,26950.0,0.0
HDG,10:10:37,Sell Down,700,26950.0,0.0
HDG,10:10:37,Sell Down,400,26950.0,0.0
HDG,10:10:27,Buy Up,200,26950.0,0.0
HDG,10:10:27,Buy Up,300,26950.0,50.0
HDG,10:10:15,Sell Down,500,26900.0,0.0
HDG,10:09:45,Sell Down,200,26900.0,0.0
HDG,10:09:45,Sell Down,100,26900.0,0.0
HDG,10:09:45,Sell Down,200,26900.0,0.0
HDG,10:09:17,Sell Down,800,26900.0,0.0
HDG,10:09:17,Sell Down,200,26900.0,0.0
HDG,10:09:15,Sell Down,100,26900.0,0.0
HDG,10:09:15,Sell Down,400,26900.0,0.0
HDG,10:09:00,Sell Down,500,26900.0,0.0
HDG,10:09:00,Sell Down,500,26900.0,0.0
HDG,10:09:00,Sell Down,600,26900.0,0.0
HDG,10:09:00,Sell Down,100,26900.0,0.0
HDG,10:09:00,Sell Down,500,26900.0,0.0
HDG,10:09:00,Sell Down,100,26900.0,0.0
HDG,10:09:00,Sell Down,200,26900.0,0.0
HDG,10:09:00,Sell Down,14900,26900.0,0.0
HDG,10:08:45,Sell Down,500,26900.0,0.0
HDG,10:08:37,Sell Down,5000,26900.0,0.0
HDG,10:08:30,Sell Down,20000,26900.0,0.0
HDG,10:08:15,Sell Down,500,26900.0,0.0
HDG,10:07:44,Sell Down,500,26900.0,0.0
HDG,10:07:14,Sell Down,500,26900.0,0.0
HDG,10:06:45,Sell Down,500,26900.0,0.0
HDG,10:06:14,Sell Down,500,26900.0,0.0
HDG,10:05:44,Sell Down,500,26900.0,-50.0
HDG,10:05:19,Buy Up,500,26950.0,50.0
HDG,10:05:14,Sell Down,500,26900.0,-50.0
HDG,10:04:53,Buy Up,2000,26950.0,50.0
HDG,10:04:44,Sell Down,500,26900.0,-50.0
HDG,10:04:15,Buy Up,100,26950.0,50.0
HDG,10:04:14,Sell Down,500,26900.0,0.0
HDG,10:04:11,Sell Down,300,26900.0,0.0
HDG,10:04:11,Sell Down,300,26900.0,0.0
HDG,10:03:43,Sell Down,500,26900.0,0.0
HDG,10:03:13,Sell Down,500,26900.0,0.0
HDG,10:02:44,Sell Down,500,26900.0,0.0
HDG,10:02:29,Sell Down,900,26900.0,0.0
HDG,10:02:13,Sell Down,500,26900.0,0.0
HDG,10:01:47,Sell Down,300,26900.0,0.0
HDG,10:01:43,Sell Down,500,26900.0,-100.0
HDG,10:01:35,Buy Up,1400,27000.0,50.0
HDG,10:01:35,Buy Up,600,26950.0,0.0
HDG,10:01:34,Buy Up,100,26950.0,0.0
HDG,10:01:34,Buy Up,500,26950.0,0.0
HDG,10:01:30,Buy Up,100,26950.0,0.0
HDG,10:01:19,Sell Down,1000,26950.0,0.0
HDG,10:01:19,Sell Down,100,26950.0,0.0
HDG,10:01:19,Sell Down,1100,26950.0,0.0
HDG,10:01:13,Sell Down,500,26950.0,0.0
HDG,10:01:09,Sell Down,200,26950.0,0.0
HDG,10:01:05,Sell Down,3200,26950.0,0.0
HDG,10:01:05,Sell Down,1000,26950.0,0.0
HDG,10:01:05,Sell Down,800,26950.0,0.0
HDG,10:01:01,Sell Down,200,26950.0,0.0
HDG,10:01:01,Sell Down,300,26950.0,0.0
HDG,10:00:56,Sell Down,100,26950.0,0.0
HDG,10:00:56,Sell Down,1200,26950.0,0.0
HDG,10:00:43,Sell Down,500,26950.0,0.0
HDG,10:00:39,Sell Down,300,26950.0,-50.0
HDG,10:00:18,Buy Up,200,27000.0,0.0
HDG,10:00:18,Buy Up,300,27000.0,0.0
HDG,10:00:18,Buy Up,500,27000.0,0.0
HDG,10:00:18,Buy Up,4000,27000.0,0.0
HDG,10:00:18,Buy Up,2000,27000.0,0.0
HDG,10:00:18,Buy Up,100,27000.0,0.0
HDG,10:00:18,Buy Up,200,27000.0,0.0
HDG,10:00:18,Buy Up,6800,27000.0,0.0
HDG,10:00:14,Sell Down,3200,27000.0,0.0
HDG,10:00:14,Sell Down,400,27000.0,0.0
HDG,10:00:14,Sell Down,1000,27000.0,0.0
HDG,10:00:14,Sell Down,300,27000.0,0.0
HDG,10:00:14,Sell Down,100,27000.0,0.0
HDG,10:00:13,Sell Down,200,27000.0,0.0
HDG,10:00:13,Sell Down,100,27000.0,0.0
HDG,10:00:13,Sell Down,200,27000.0,0.0
HDG,10:00:07,Sell Down,2800,27000.0,0.0
HDG,10:00:07,Sell Down,1600,27000.0,0.0
HDG,10:00:07,Sell Down,2000,27000.0,0.0
HDG,10:00:07,Sell Down,1900,27000.0,0.0
HDG,10:00:07,Sell Down,1700,27000.0,0.0
HDG,10:00:07,Sell Down,2000,27000.0,-50.0
HDG,09:59:55,Buy Up,100,27050.0,0.0
HDG,09:59:55,Buy Up,400,27050.0,0.0
HDG,09:59:55,Buy Up,100,27050.0,0.0
HDG,09:59:55,Buy Up,3000,27050.0,0.0
HDG,09:59:55,Buy Up,200,27050.0,0.0
HDG,09:59:55,Buy Up,100,27050.0,0.0
HDG,09:59:55,Buy Up,600,27050.0,0.0
HDG,09:59:55,Buy Up,200,27050.0,0.0
HDG,09:59:47,Sell Down,800,27050.0,0.0
HDG,09:59:47,Sell Down,100,27050.0,0.0
HDG,09:59:47,Sell Down,600,27050.0,0.0
HDG,09:59:43,Sell Down,3400,27050.0,0.0
HDG,09:59:43,Sell Down,1000,27050.0,0.0
HDG,09:59:43,Sell Down,2000,27050.0,0.0
HDG,09:59:43,Sell Down,100,27050.0,0.0
HDG,09:59:43,Sell Down,3500,27050.0,0.0
HDG,09:59:43,Sell Down,500,27050.0,0.0
HDG,09:59:39,Sell Down,1000,27050.0,0.0
HDG,09:59:12,Sell Down,500,27050.0,-50.0
HDG,09:59:08,Buy Up,1500,27100.0,50.0
HDG,09:59:04,Sell Down,100,27050.0,0.0
HDG,09:58:42,Sell Down,500,27050.0,0.0
HDG,09:58:15,Sell Down,1000,27050.0,0.0
HDG,09:58:12,Sell Down,2200,27050.0,0.0
HDG,09:58:12,Sell Down,500,27050.0,0.0
HDG,09:58:03,Sell Down,200,27050.0,0.0
HDG,09:58:03,Sell Down,1000,27050.0,0.0
HDG,09:58:03,Sell Down,100,27050.0,0.0
HDG,09:58:03,Sell Down,200,27050.0,0.0
HDG,09:58:03,Sell Down,100,27050.0,0.0
HDG,09:58:03,Sell Down,400,27050.0,0.0
HDG,09:57:42,Sell Down,500,27050.0,-50.0
HDG,09:57:34,Buy Up,500,27100.0,0.0
HDG,09:57:18,Buy Up,1000,27100.0,50.0
HDG,09:57:12,Sell Down,500,27050.0,-50.0
HDG,09:56:54,Buy Up,100,27100.0,50.0
HDG,09:56:42,Sell Down,500,27050.0,0.0
HDG,09:56:31,Sell Down,100,27050.0,0.0
HDG,09:56:31,Sell Down,1100,27050.0,0.0
HDG,09:56:12,Sell Down,500,27050.0,0.0
HDG,09:55:58,Sell Down,600,27050.0,0.0
HDG,09:55:43,Sell Down,100,27050.0,0.0
HDG,09:55:42,Sell Down,500,27050.0,0.0
HDG,09:55:12,Sell Down,500,27050.0,-50.0
HDG,09:54:43,Buy Up,1000,27100.0,50.0
HDG,09:54:41,Sell Down,500,27050.0,-50.0
HDG,09:54:19,Sell Down,200,27100.0,0.0
HDG,09:54:19,Sell Down,100,27100.0,0.0
HDG,09:54:19,Sell Down,200,27100.0,0.0
HDG,09:54:14,Sell Down,100,27100.0,0.0
HDG,09:54:12,Sell Down,300,27100.0,0.0
HDG,09:54:12,Sell Down,200,27100.0,0.0
HDG,09:53:45,Sell Down,1500,27100.0,0.0
HDG,09:53:41,Sell Down,500,27100.0,-50.0
HDG,09:53:30,Buy Up,1100,27150.0,0.0
HDG,09:53:30,Buy Up,100,27150.0,0.0
HDG,09:53:30,Buy Up,2000,27150.0,0.0
HDG,09:53:30,Buy Up,600,27150.0,0.0
HDG,09:53:30,Buy Up,200,27150.0,50.0
HDG,09:53:11,Sell Down,500,27100.0,-50.0
HDG,09:53:00,Buy Up,1000,27150.0,0.0
HDG,09:52:52,Buy Up,1000,27150.0,0.0
HDG,09:52:52,Buy Up,4000,27150.0,50.0
HDG,09:52:52,Sell Down,2000,27100.0,-50.0
HDG,09:52:43,Buy Up,1000,27150.0,0.0
HDG,09:52:43,Buy Up,100,27150.0,0.0
HDG,09:52:43,Buy Up,900,27150.0,50.0
HDG,09:52:41,Sell Down,500,27100.0,-50.0
HDG,09:52:39,Buy Up,900,27150.0,0.0
HDG,09:52:39,Buy Up,3100,27150.0,0.0
HDG,09:52:30,Buy Up,600,27150.0,0.0
HDG,09:52:30,Buy Up,1000,27150.0,0.0
HDG,09:52:30,Buy Up,1000,27150.0,0.0
HDG,09:52:30,Buy Up,500,27150.0,0.0
HDG,09:52:30,Buy Up,1000,27150.0,0.0
HDG,09:52:30,Buy Up,100,27150.0,0.0
HDG,09:52:30,Buy Up,300,27150.0,0.0
HDG,09:52:30,Buy Up,2000,27150.0,0.0
HDG,09:52:30,Buy Up,200,27150.0,0.0
HDG,09:52:30,Buy Up,200,27150.0,0.0
HDG,09:52:30,Buy Up,1000,27150.0,0.0
HDG,09:52:30,Buy Up,200,27150.0,0.0
HDG,09:52:30,Buy Up,900,27150.0,100.0
HDG,09:52:11,Sell Down,500,27050.0,-100.0
HDG,09:52:10,Buy Up,1100,27150.0,0.0
HDG,09:52:10,Buy Up,1800,27150.0,0.0
HDG,09:52:07,Buy Up,200,27150.0,0.0
HDG,09:52:07,Buy Up,3000,27150.0,0.0
HDG,09:52:07,Buy Up,5000,27150.0,0.0
HDG,09:52:07,Buy Up,1000,27150.0,0.0
HDG,09:52:07,Buy Up,300,27150.0,0.0
HDG,09:52:07,Buy Up,500,27150.0,0.0
HDG,09:52:03,Buy Up,900,27150.0,50.0
HDG,09:51:41,Sell Down,500,27100.0,0.0
HDG,09:51:33,Sell Down,4000,27100.0,0.0
HDG,09:51:33,Sell Down,400,27100.0,0.0
HDG,09:51:33,Sell Down,3900,27100.0,0.0
HDG,09:51:33,Sell Down,1700,27100.0,0.0
HDG,09:51:11,Sell Down,300,27100.0,0.0
HDG,09:51:11,Sell Down,200,27100.0,0.0
HDG,09:50:42,Sell Down,200,27100.0,0.0
HDG,09:50:41,Sell Down,500,27100.0,0.0
HDG,09:50:33,Buy Up,1000,27100.0,0.0
HDG,09:50:33,Buy Up,100,27100.0,0.0
HDG,09:50:33,Buy Up,1000,27100.0,0.0
HDG,09:50:33,Buy Up,4500,27100.0,0.0
HDG,09:50:33,Buy Up,2000,27100.0,0.0
HDG,09:50:33,Buy Up,300,27100.0,0.0
HDG,09:50:33,Buy Up,200,27100.0,0.0
HDG,09:50:14,Buy Up,500,27100.0,0.0
HDG,09:50:14,Buy Up,2000,27100.0,0.0
HDG,09:50:14,Buy Up,200,27100.0,0.0
HDG,09:50:14,Buy Up,1000,27100.0,0.0
HDG,09:50:14,Buy Up,1000,27100.0,0.0
HDG,09:50:14,Buy Up,300,27100.0,50.0
HDG,09:50:11,Sell Down,500,27050.0,-50.0
HDG,09:50:02,Buy Up,100,27100.0,0.0
HDG,09:50:02,Buy Up,600,27100.0,0.0
HDG,09:50:02,Buy Up,1000,27100.0,0.0
HDG,09:50:02,Buy Up,300,27100.0,0.0
HDG,09:49:47,Buy Up,1000,27100.0,50.0
HDG,09:49:40,Sell Down,400,27050.0,0.0
HDG,09:49:40,Sell Down,100,27050.0,-50.0
HDG,09:49:18,Buy Up,100,27100.0,50.0
HDG,09:49:10,Sell Down,100,27050.0,0.0
HDG,09:49:10,Sell Down,400,27050.0,0.0
HDG,09:48:44,Sell Down,300,27050.0,0.0
HDG,09:48:40,Sell Down,300,27050.0,0.0
HDG,09:48:40,Sell Down,200,27050.0,-50.0
HDG,09:48:37,Buy Up,1500,27100.0,0.0
HDG,09:48:37,Buy Up,1000,27100.0,0.0
HDG,09:48:34,Buy Up,100,27100.0,0.0
HDG,09:48:18,Sell Down,4900,27100.0,0.0
HDG,09:48:16,Sell Down,100,27100.0,0.0
HDG,09:48:16,Sell Down,100,27100.0,0.0
HDG,09:48:16,Sell Down,500,27100.0,0.0
HDG,09:48:16,Sell Down,1300,27100.0,0.0
HDG,09:48:14,Sell Down,700,27100.0,0.0
HDG,09:48:14,Sell Down,300,27100.0,0.0
HDG,09:48:10,Sell Down,500,27100.0,0.0
HDG,09:48:04,Sell Down,2000,27100.0,0.0
HDG,09:48:03,Sell Down,100,27100.0,0.0
HDG,09:47:58,Sell Down,7100,27100.0,0.0
HDG,09:47:58,Sell Down,2900,27100.0,0.0
HDG,09:47:52,Sell Down,200,27100.0,0.0
HDG,09:47:51,Sell Down,1900,27100.0,0.0
HDG,09:47:51,Sell Down,8100,27100.0,0.0
HDG,09:47:49,Sell Down,2900,27100.0,0.0
HDG,09:47:44,Sell Down,100,27100.0,0.0
HDG,09:47:40,Sell Down,500,27100.0,-50.0
HDG,09:47:35,Buy Up,600,27150.0,0.0
HDG,09:47:35,Buy Up,2000,27150.0,0.0
HDG,09:47:35,Buy Up,2400,27150.0,0.0
HDG,09:47:30,Buy Up,1500,27150.0,0.0
HDG,09:47:25,Buy Up,1000,27150.0,0.0
HDG,09:47:18,Sell Down,5100,27150.0,0.0
HDG,09:47:15,Sell Down,1000,27150.0,0.0
HDG,09:47:13,Sell Down,1000,27150.0,0.0
HDG,09:47:10,Sell Down,500,27150.0,0.0
HDG,09:47:09,Sell Down,500,27150.0,0.0
HDG,09:47:03,Sell Down,3000,27150.0,0.0
HDG,09:47:03,Sell Down,1000,27150.0,0.0
HDG,09:47:03,Sell Down,200,27150.0,0.0
HDG,09:47:03,Sell Down,300,27150.0,0.0
HDG,09:47:03,Sell Down,2000,27150.0,0.0
HDG,09:47:03,Sell Down,400,27150.0,50.0
HDG,09:46:40,Sell Down,500,27100.0,0.0
HDG,09:46:38,Sell Down,200,27100.0,-50.0
HDG,09:46:31,Sell Down,600,27150.0,0.0
HDG,09:46:28,Sell Down,1100,27150.0,0.0
HDG,09:46:28,Sell Down,1400,27150.0,0.0
HDG,09:46:23,Sell Down,1900,27150.0,0.0
HDG,09:46:23,Sell Down,600,27150.0,0.0
HDG,09:46:10,Sell Down,500,27150.0,-50.0
HDG,09:46:09,Buy Up,300,27200.0,0.0
HDG,09:45:58,Buy Up,100,27200.0,0.0
HDG,09:45:52,Buy Up,400,27200.0,50.0
HDG,09:45:49,Sell Down,200,27150.0,0.0
HDG,09:45:48,Sell Down,3200,27150.0,0.0
HDG,09:45:48,Sell Down,1000,27150.0,0.0
HDG,09:45:48,Sell Down,800,27150.0,-50.0
HDG,09:45:45,Buy Up,500,27200.0,0.0
HDG,09:45:45,Buy Up,1300,27200.0,0.0
HDG,09:45:45,Buy Up,200,27200.0,0.0
HDG,09:45:40,Buy Up,100,27200.0,0.0
HDG,09:45:40,Buy Up,700,27200.0,50.0
HDG,09:45:40,Sell Down,500,27150.0,-50.0
HDG,09:45:37,Buy Up,1800,27200.0,0.0
HDG,09:45:34,Buy Up,2500,27200.0,0.0
HDG,09:45:34,Buy Up,1000,27200.0,0.0
HDG,09:45:34,Buy Up,200,27200.0,0.0
HDG,09:45:34,Buy Up,300,27200.0,0.0
HDG,09:45:34,Buy Up,1000,27200.0,0.0
HDG,09:45:27,Buy Up,1000,27200.0,0.0
HDG,09:45:27,Buy Up,200,27200.0,0.0
HDG,09:45:27,Buy Up,300,27200.0,0.0
HDG,09:45:25,Buy Up,200,27200.0,0.0
HDG,09:45:16,Buy Up,100,27200.0,0.0
HDG,09:45:13,Buy Up,400,27200.0,0.0
HDG,09:45:13,Buy Up,500,27200.0,0.0
HDG,09:45:13,Buy Up,100,27200.0,0.0
HDG,09:45:13,Buy Up,1000,27200.0,50.0
HDG,09:45:10,Sell Down,500,27150.0,0.0
HDG,09:45:03,Sell Down,1000,27150.0,0.0
HDG,09:44:57,Buy Up,100,27150.0,0.0
HDG,09:44:57,Buy Up,2000,27150.0,0.0
HDG,09:44:57,Buy Up,100,27150.0,0.0
HDG,09:44:55,Buy Up,100,27150.0,0.0
HDG,09:44:55,Buy Up,2000,27150.0,0.0
HDG,09:44:55,Buy Up,200,27150.0,0.0
HDG,09:44:55,Buy Up,500,27150.0,0.0
HDG,09:44:55,Buy Up,1000,27150.0,0.0
HDG,09:44:55,Buy Up,1000,27150.0,0.0
HDG,09:44:55,Buy Up,200,27150.0,50.0
HDG,09:44:55,Sell Down,200,27100.0,-50.0
HDG,09:44:50,Buy Up,800,27150.0,0.0
HDG,09:44:50,Buy Up,1000,27150.0,0.0
HDG,09:44:50,Buy Up,200,27150.0,0.0
HDG,09:44:50,Buy Up,1000,27150.0,50.0
HDG,09:44:47,Sell Down,1000,27100.0,0.0
HDG,09:44:39,Sell Down,500,27100.0,0.0
HDG,09:44:38,Sell Down,200,27100.0,0.0
HDG,09:44:25,Sell Down,100,27100.0,0.0
HDG,09:44:23,Sell Down,100,27100.0,0.0
HDG,09:44:18,Sell Down,100,27100.0,0.0
HDG,09:44:09,Sell Down,500,27100.0,0.0
HDG,09:44:07,Buy Up,3000,27100.0,0.0
HDG,09:44:07,Buy Up,3000,27100.0,0.0
HDG,09:44:07,Buy Up,2000,27100.0,0.0
HDG,09:44:07,Buy Up,100,27100.0,0.0
HDG,09:44:07,Buy Up,1000,27100.0,0.0
HDG,09:44:07,Buy Up,200,27100.0,0.0
HDG,09:44:07,Buy Up,2000,27100.0,0.0
HDG,09:44:07,Buy Up,200,27100.0,0.0
HDG,09:44:07,Buy Up,400,27100.0,0.0
HDG,09:44:07,Buy Up,300,27100.0,0.0
HDG,09:44:07,Buy Up,200,27100.0,0.0
HDG,09:44:07,Buy Up,500,27100.0,0.0
HDG,09:44:07,Buy Up,1000,27100.0,0.0
HDG,09:44:07,Buy Up,100,27100.0,0.0
HDG,09:44:07,Buy Up,1000,27100.0,50.0
HDG,09:43:51,Sell Down,1000,27050.0,0.0
HDG,09:43:39,Sell Down,500,27050.0,0.0
HDG,09:43:23,Sell Down,1000,27050.0,0.0
HDG,09:43:09,Sell Down,400,27050.0,0.0
HDG,09:43:09,Sell Down,500,27050.0,0.0
HDG,09:42:54,Buy Up,1600,27050.0,0.0
HDG,09:42:53,Buy Up,400,27050.0,0.0
HDG,09:42:53,Buy Up,1500,27050.0,0.0
HDG,09:42:53,Buy Up,100,27050.0,50.0
HDG,09:42:38,Sell Down,500,27000.0,-50.0
HDG,09:42:35,Buy Up,3000,27050.0,0.0
HDG,09:42:35,Buy Up,500,27050.0,0.0
HDG,09:42:28,Sell Down,2000,27050.0,0.0
HDG,09:42:27,Buy Up,2000,27050.0,0.0
HDG,09:42:27,Buy Up,1000,27050.0,0.0
HDG,09:42:16,Buy Up,100,27050.0,50.0
HDG,09:42:08,Sell Down,500,27000.0,0.0
HDG,09:42:08,Sell Down,1000,27000.0,-50.0
HDG,09:42:05,Buy Up,100,27050.0,50.0
HDG,09:42:01,Sell Down,44300,27000.0,0.0
HDG,09:42:01,Sell Down,200,27000.0,0.0
HDG,09:42:01,Sell Down,1000,27000.0,0.0
HDG,09:42:01,Sell Down,500,27000.0,0.0
HDG,09:42:01,Sell Down,9400,27000.0,-50.0
HDG,09:42:01,Buy Up,4600,27050.0,0.0
HDG,09:42:00,Sell Down,1000,27050.0,0.0
HDG,09:42:00,Sell Down,100,27050.0,0.0
HDG,09:41:57,Buy Up,1000,27050.0,0.0
HDG,09:41:57,Buy Up,1000,27050.0,0.0
HDG,09:41:57,Buy Up,2000,27050.0,0.0
HDG,09:41:57,Buy Up,300,27050.0,0.0
HDG,09:41:56,Buy Up,500,27050.0,50.0
HDG,09:41:38,Sell Down,500,27000.0,-50.0
HDG,09:41:36,Buy Up,1000,27050.0,0.0
HDG,09:41:31,Buy Up,100,27050.0,50.0
HDG,09:41:30,Sell Down,100,27000.0,0.0
HDG,09:41:20,Sell Down,600,27000.0,-50.0
HDG,09:41:16,Buy Up,100,27050.0,0.0
HDG,09:41:16,Buy Up,1000,27050.0,0.0
HDG,09:41:16,Buy Up,500,27050.0,0.0
HDG,09:41:16,Buy Up,100,27050.0,0.0
HDG,09:41:16,Buy Up,200,27050.0,0.0
HDG,09:41:16,Buy Up,200,27050.0,0.0
HDG,09:41:16,Buy Up,1000,27050.0,0.0
HDG,09:41:16,Buy Up,5000,27050.0,0.0
HDG,09:41:16,Buy Up,200,27050.0,0.0
HDG,09:41:16,Buy Up,3000,27050.0,0.0
HDG,09:41:16,Buy Up,1000,27050.0,0.0
HDG,09:41:16,Buy Up,2700,27050.0,50.0
HDG,09:41:08,Sell Down,500,27000.0,0.0
HDG,09:41:06,Sell Down,200,27000.0,0.0
HDG,09:41:04,Sell Down,100,27000.0,0.0
HDG,09:40:51,Sell Down,2000,27000.0,0.0
HDG,09:40:46,Sell Down,2000,27000.0,0.0
HDG,09:40:46,Sell Down,700,27000.0,0.0
HDG,09:40:46,Sell Down,600,27000.0,0.0
HDG,09:40:46,Sell Down,1000,27000.0,0.0
HDG,09:40:46,Sell Down,5000,27000.0,0.0
HDG,09:40:46,Sell Down,600,27000.0,0.0
HDG,09:40:46,Sell Down,200,27000.0,0.0
HDG,09:40:46,Sell Down,500,27000.0,0.0
HDG,09:40:46,Sell Down,200,27000.0,0.0
HDG,09:40:46,Sell Down,500,27000.0,0.0
HDG,09:40:46,Sell Down,300,27000.0,0.0
HDG,09:40:46,Sell Down,300,27000.0,0.0
HDG,09:40:46,Sell Down,100,27000.0,0.0
HDG,09:40:46,Sell Down,400,27000.0,0.0
HDG,09:40:46,Sell Down,1000,27000.0,0.0
HDG,09:40:46,Sell Down,3000,27000.0,0.0
HDG,09:40:46,Sell Down,500,27000.0,0.0
HDG,09:40:46,Sell Down,200,27000.0,0.0
HDG,09:40:46,Sell Down,300,27000.0,0.0
HDG,09:40:46,Sell Down,600,27000.0,0.0
HDG,09:40:46,Sell Down,200,27000.0,0.0
HDG,09:40:46,Sell Down,500,27000.0,0.0
HDG,09:40:46,Sell Down,500,27000.0,0.0
HDG,09:40:46,Sell Down,100,27000.0,0.0
HDG,09:40:46,Sell Down,1000,27000.0,0.0
HDG,09:40:46,Sell Down,300,27000.0,0.0
HDG,09:40:46,Sell Down,4000,27000.0,0.0
HDG,09:40:46,Sell Down,500,27000.0,0.0
HDG,09:40:46,Sell Down,5000,27000.0,0.0
HDG,09:40:46,Sell Down,5000,27000.0,50.0
HDG,09:40:46,Sell Down,1500,26950.0,0.0
HDG,09:40:42,Sell Down,500,26950.0,0.0
HDG,09:40:38,Sell Down,500,26950.0,0.0
HDG,09:40:32,Sell Down,100,26950.0,0.0
HDG,09:40:24,Buy Up,100,26950.0,0.0
HDG,09:40:18,Buy Up,400,26950.0,0.0
HDG,09:40:18,Buy Up,500,26950.0,0.0
HDG,09:40:18,Buy Up,3000,26950.0,0.0
HDG,09:40:18,Buy Up,500,26950.0,0.0
HDG,09:40:18,Buy Up,1000,26950.0,0.0
HDG,09:40:18,Buy Up,100,26950.0,0.0
HDG,09:40:18,Buy Up,300,26950.0,0.0
HDG,09:40:18,Buy Up,200,26950.0,0.0
HDG,09:40:18,Buy Up,200,26950.0,0.0
HDG,09:40:18,Buy Up,1000,26950.0,0.0
HDG,09:40:18,Buy Up,200,26950.0,0.0
HDG,09:40:18,Buy Up,200,26950.0,0.0
HDG,09:40:18,Buy Up,2400,26950.0,50.0
HDG,09:40:08,Sell Down,500,26900.0,0.0
HDG,09:39:48,Sell Down,500,26900.0,0.0
HDG,09:39:38,Sell Down,500,26900.0,0.0
HDG,09:39:37,Sell Down,1000,26900.0,0.0
HDG,09:39:37,Sell Down,500,26900.0,0.0
HDG,09:39:37,Sell Down,100,26900.0,0.0
HDG,09:39:37,Sell Down,300,26900.0,0.0
HDG,09:39:37,Sell Down,300,26900.0,0.0
HDG,09:39:37,Sell Down,100,26900.0,0.0
HDG,09:39:37,Sell Down,500,26900.0,0.0
HDG,09:39:37,Sell Down,5000,26900.0,0.0
HDG,09:39:37,Sell Down,100,26900.0,0.0
HDG,09:39:37,Sell Down,400,26900.0,0.0
HDG,09:39:26,Buy Up,100,26900.0,0.0
HDG,09:39:26,Buy Up,400,26900.0,0.0
HDG,09:39:13,Buy Up,500,26900.0,50.0
HDG,09:39:08,Sell Down,500,26850.0,0.0
HDG,09:38:55,Buy Up,100,26850.0,0.0
HDG,09:38:55,Buy Up,400,26850.0,0.0
HDG,09:38:42,Buy Up,100,26850.0,50.0
HDG,09:38:38,Sell Down,500,26800.0,0.0
HDG,09:38:08,Sell Down,200,26800.0,0.0
HDG,09:38:08,Sell Down,300,26800.0,0.0
HDG,09:38:06,Sell Down,200,26800.0,-50.0
HDG,09:37:57,Buy Up,200,26850.0,0.0
HDG,09:37:57,Buy Up,400,26850.0,0.0
HDG,09:37:57,Buy Up,500,26850.0,0.0
HDG,09:37:57,Buy Up,3700,26850.0,0.0
HDG,09:37:57,Buy Up,200,26850.0,50.0
HDG,09:37:47,Sell Down,200,26800.0,0.0
HDG,09:37:37,Sell Down,100,26800.0,0.0
HDG,09:37:37,Sell Down,100,26800.0,0.0
HDG,09:37:37,Sell Down,200,26800.0,0.0
HDG,09:37:37,Sell Down,100,26800.0,0.0
HDG,09:37:07,Sell Down,300,26800.0,0.0
HDG,09:37:07,Sell Down,200,26800.0,-50.0
HDG,09:36:56,Buy Up,800,26850.0,0.0
HDG,09:36:56,Buy Up,200,26850.0,0.0
HDG,09:36:41,Buy Up,200,26850.0,50.0
HDG,09:36:37,Sell Down,500,26800.0,0.0
HDG,09:36:08,Sell Down,100,26800.0,-50.0
HDG,09:36:08,Sell Down,500,26850.0,0.0
HDG,09:36:08,Sell Down,100,26850.0,0.0
HDG,09:36:08,Sell Down,1000,26850.0,0.0
HDG,09:36:08,Sell Down,300,26850.0,0.0
HDG,09:36:07,Sell Down,500,26850.0,0.0
HDG,09:35:51,Sell Down,200,26850.0,0.0
HDG,09:35:51,Sell Down,300,26850.0,0.0
HDG,09:35:43,Sell Down,600,26850.0,0.0
HDG,09:35:41,Sell Down,100,26850.0,0.0
HDG,09:35:37,Sell Down,500,26850.0,0.0
HDG,09:35:30,Sell Down,500,26850.0,0.0
HDG,09:35:07,Sell Down,500,26850.0,0.0
HDG,09:34:46,Sell Down,900,26850.0,0.0
HDG,09:34:46,Sell Down,200,26850.0,0.0
HDG,09:34:46,Sell Down,3900,26850.0,0.0
HDG,09:34:37,Sell Down,500,26850.0,-50.0
HDG,09:34:26,Buy Up,100,26900.0,0.0
HDG,09:34:25,Buy Up,3000,26900.0,0.0
HDG,09:34:07,Buy Up,1000,26900.0,50.0
HDG,09:34:07,Sell Down,500,26850.0,-50.0
HDG,09:34:03,Buy Up,100,26900.0,50.0
HDG,09:34:01,Sell Down,100,26850.0,-50.0
HDG,09:33:57,Buy Up,900,26900.0,50.0
HDG,09:33:36,Sell Down,500,26850.0,-50.0
HDG,09:33:33,Buy Up,200,26900.0,50.0
HDG,09:33:32,Sell Down,1000,26850.0,0.0
HDG,09:33:06,Sell Down,500,26850.0,0.0
HDG,09:32:44,Sell Down,1700,26850.0,-50.0
HDG,09:32:42,Buy Up,100,26900.0,50.0
HDG,09:32:36,Sell Down,500,26850.0,0.0
HDG,09:32:18,Sell Down,100,26850.0,0.0
HDG,09:32:06,Sell Down,500,26850.0,0.0
HDG,09:32:05,Buy Up,200,26850.0,0.0
HDG,09:31:57,Sell Down,100,26850.0,0.0
HDG,09:31:57,Sell Down,400,26850.0,0.0
HDG,09:31:36,Sell Down,500,26850.0,0.0
HDG,09:31:36,Sell Down,1000,26850.0,0.0
HDG,09:31:30,Sell Down,300,26850.0,0.0
HDG,09:31:27,Sell Down,300,26850.0,0.0
HDG,09:31:11,Sell Down,500,26850.0,0.0
HDG,09:31:06,Sell Down,500,26850.0,0.0
HDG,09:30:42,Sell Down,500,26850.0,50.0
HDG,09:30:36,Sell Down,500,26800.0,0.0
HDG,09:30:18,Sell Down,700,26800.0,-50.0
HDG,09:30:07,Buy Up,500,26850.0,0.0
HDG,09:30:07,Buy Up,200,26850.0,0.0
HDG,09:30:07,Buy Up,300,26850.0,50.0
HDG,09:30:06,Sell Down,500,26800.0,0.0
HDG,09:29:42,Sell Down,300,26800.0,0.0
HDG,09:29:36,Sell Down,500,26800.0,0.0
HDG,09:29:06,Sell Down,500,26800.0,0.0
HDG,09:28:35,Sell Down,300,26800.0,0.0
HDG,09:28:35,Sell Down,500,26800.0,-50.0
HDG,09:28:29,Buy Up,2000,26850.0,50.0
HDG,09:28:23,Sell Down,2000,26800.0,0.0
HDG,09:28:11,Sell Down,100,26800.0,0.0
HDG,09:28:06,Sell Down,500,26800.0,0.0
HDG,09:27:48,Sell Down,3000,26800.0,-50.0
HDG,09:27:48,Buy Up,100,26850.0,0.0
HDG,09:27:39,Sell Down,200,26850.0,0.0
HDG,09:27:37,Buy Up,300,26850.0,0.0
HDG,09:27:37,Buy Up,500,26850.0,0.0
HDG,09:27:36,Buy Up,200,26850.0,0.0
HDG,09:27:36,Buy Up,700,26850.0,50.0
HDG,09:27:36,Sell Down,500,26800.0,0.0
HDG,09:27:33,Sell Down,100,26800.0,-50.0
HDG,09:27:19,Buy Up,100,26850.0,0.0
HDG,09:27:19,Sell Down,200,26850.0,0.0
HDG,09:27:13,Sell Down,200,26850.0,0.0
HDG,09:27:13,Sell Down,100,26850.0,0.0
HDG,09:27:13,Sell Down,500,26850.0,0.0
HDG,09:27:13,Sell Down,200,26850.0,-50.0
HDG,09:27:11,Buy Up,100,26900.0,50.0
HDG,09:27:06,Sell Down,100,26850.0,0.0
HDG,09:27:05,Sell Down,500,26850.0,0.0
HDG,09:27:00,Sell Down,200,26850.0,0.0
HDG,09:27:00,Sell Down,300,26850.0,0.0
HDG,09:26:52,Sell Down,400,26850.0,-50.0
HDG,09:26:49,Buy Up,200,26900.0,50.0
HDG,09:26:44,Sell Down,1000,26850.0,0.0
HDG,09:26:35,Sell Down,200,26850.0,0.0
HDG,09:26:35,Sell Down,300,26850.0,0.0
HDG,09:26:24,Sell Down,100,26850.0,0.0
HDG,09:26:24,Sell Down,900,26850.0,0.0
HDG,09:26:17,Sell Down,100,26850.0,0.0
HDG,09:26:17,Sell Down,900,26850.0,0.0
HDG,09:26:05,Sell Down,500,26850.0,0.0
HDG,09:25:43,Sell Down,100,26850.0,-50.0
HDG,09:25:38,Buy Up,100,26900.0,50.0
HDG,09:25:35,Sell Down,500,26850.0,-50.0
HDG,09:25:25,Buy Up,100,26900.0,50.0
HDG,09:25:23,Sell Down,500,26850.0,-50.0
HDG,09:25:17,Buy Up,200,26900.0,0.0
HDG,09:25:17,Buy Up,700,26900.0,0.0
HDG,09:25:17,Sell Down,500,26900.0,0.0
HDG,09:25:17,Sell Down,300,26900.0,0.0
HDG,09:25:17,Sell Down,100,26900.0,0.0
HDG,09:25:17,Sell Down,100,26900.0,0.0
HDG,09:25:11,Sell Down,100,26900.0,0.0
HDG,09:25:06,Sell Down,1000,26900.0,0.0
HDG,09:25:05,Sell Down,500,26900.0,0.0
HDG,09:25:01,Sell Down,500,26900.0,0.0
HDG,09:24:35,Sell Down,100,26900.0,0.0
HDG,09:24:35,Sell Down,400,26900.0,0.0
HDG,09:24:32,Sell Down,100,26900.0,0.0
HDG,09:24:32,Sell Down,100,26900.0,0.0
HDG,09:24:22,Sell Down,3200,26900.0,0.0
HDG,09:24:17,Sell Down,1000,26900.0,0.0
HDG,09:24:17,Sell Down,800,26900.0,0.0
HDG,09:24:17,Sell Down,100,26900.0,0.0
HDG,09:24:17,Sell Down,100,26900.0,0.0
HDG,09:24:15,Sell Down,500,26900.0,-50.0
HDG,09:24:15,Buy Up,100,26950.0,50.0
HDG,09:24:09,Sell Down,700,26900.0,0.0
HDG,09:24:05,Sell Down,500,26900.0,0.0
HDG,09:23:56,Sell Down,500,26900.0,0.0
HDG,09:23:46,Sell Down,100,26900.0,0.0
HDG,09:23:34,Sell Down,1000,26900.0,0.0
HDG,09:23:33,Sell Down,500,26900.0,0.0
HDG,09:23:30,Sell Down,1000,26900.0,0.0
HDG,09:23:14,Sell Down,100,26900.0,0.0
HDG,09:23:04,Sell Down,100,26900.0,0.0
HDG,09:23:03,Sell Down,400,26900.0,-50.0
HDG,09:22:54,Buy Up,1000,26950.0,0.0
HDG,09:22:50,Sell Down,1500,26950.0,0.0
HDG,09:22:47,Sell Down,700,26950.0,0.0
HDG,09:22:46,Sell Down,2800,26950.0,0.0
HDG,09:22:46,Sell Down,1500,26950.0,0.0
HDG,09:22:46,Sell Down,100,26950.0,0.0
HDG,09:22:46,Sell Down,200,26950.0,0.0
HDG,09:22:46,Sell Down,7400,26950.0,-50.0
HDG,09:22:41,Buy Up,200,27000.0,50.0
HDG,09:22:37,Sell Down,100,26950.0,-50.0
HDG,09:22:36,Buy Up,100,27000.0,50.0
HDG,09:22:33,Sell Down,500,26950.0,-50.0
HDG,09:22:23,Buy Up,700,27000.0,0.0
HDG,09:22:23,Buy Up,1000,27000.0,0.0
HDG,09:22:23,Buy Up,1000,27000.0,0.0
HDG,09:22:23,Buy Up,300,27000.0,0.0
HDG,09:22:21,Buy Up,100,27000.0,0.0
HDG,09:22:12,Buy Up,3000,27000.0,0.0
HDG,09:22:10,Buy Up,3000,27000.0,0.0
HDG,09:22:10,Buy Up,200,27000.0,0.0
HDG,09:22:10,Buy Up,100,27000.0,0.0
HDG,09:22:10,Buy Up,1000,27000.0,0.0
HDG,09:22:10,Buy Up,1000,27000.0,0.0
HDG,09:22:10,Buy Up,100,27000.0,0.0
HDG,09:22:10,Buy Up,1000,27000.0,0.0
HDG,09:22:10,Buy Up,4000,27000.0,0.0
HDG,09:22:10,Buy Up,500,27000.0,0.0
HDG,09:22:10,Buy Up,500,27000.0,0.0
HDG,09:22:10,Buy Up,200,27000.0,0.0
HDG,09:22:10,Sell Down,200,27000.0,0.0
HDG,09:22:10,Sell Down,200,27000.0,0.0
HDG,09:22:10,Sell Down,400,27000.0,0.0
HDG,09:22:10,Sell Down,1200,27000.0,0.0
HDG,09:22:08,Sell Down,100,27000.0,0.0
HDG,09:22:03,Sell Down,500,27000.0,0.0
HDG,09:22:02,Sell Down,2200,27000.0,0.0
HDG,09:22:02,Sell Down,1200,27000.0,0.0
HDG,09:22:02,Sell Down,1600,27000.0,0.0
HDG,09:21:57,Sell Down,900,27000.0,0.0
HDG,09:21:57,Sell Down,100,27000.0,-50.0
HDG,09:21:41,Buy Up,2000,27050.0,0.0
HDG,09:21:33,Buy Up,300,27050.0,0.0
HDG,09:21:33,Buy Up,500,27050.0,0.0
HDG,09:21:33,Buy Up,500,27050.0,0.0
HDG,09:21:33,Buy Up,4200,27050.0,50.0
HDG,09:21:33,Sell Down,500,27000.0,0.0
HDG,09:21:25,Sell Down,200,27000.0,-50.0
HDG,09:21:06,Buy Up,800,27050.0,0.0
HDG,09:21:06,Buy Up,100,27050.0,0.0
HDG,09:21:06,Buy Up,100,27050.0,0.0
HDG,09:21:05,Buy Up,500,27050.0,50.0
HDG,09:21:03,Sell Down,200,27000.0,0.0
HDG,09:21:03,Sell Down,200,27000.0,0.0
HDG,09:21:03,Sell Down,100,27000.0,-50.0
HDG,09:20:59,Buy Up,100,27050.0,0.0
HDG,09:20:54,Buy Up,100,27050.0,0.0
HDG,09:20:51,Buy Up,200,27050.0,0.0
HDG,09:20:51,Buy Up,100,27050.0,50.0
HDG,09:20:45,Sell Down,100,27000.0,0.0
HDG,09:20:45,Sell Down,4900,27000.0,0.0
HDG,09:20:41,Sell Down,1100,27000.0,-50.0
HDG,09:20:37,Buy Up,1000,27050.0,0.0
HDG,09:20:37,Buy Up,1000,27050.0,50.0
HDG,09:20:33,Buy Up,500,27000.0,0.0
HDG,09:20:33,Buy Up,1000,27000.0,0.0
HDG,09:20:33,Buy Up,400,27000.0,0.0
HDG,09:20:33,Buy Up,100,27000.0,0.0
HDG,09:20:33,Buy Up,100,27000.0,0.0
HDG,09:20:33,Buy Up,100,27000.0,0.0
HDG,09:20:33,Buy Up,1800,27000.0,0.0
HDG,09:20:32,Buy Up,3200,27000.0,0.0
HDG,09:20:32,Buy Up,300,27000.0,0.0
HDG,09:20:32,Buy Up,1500,27000.0,0.0
HDG,09:20:32,Buy Up,100,27000.0,0.0
HDG,09:20:32,Buy Up,900,27000.0,0.0
HDG,09:20:32,Buy Up,1000,27000.0,0.0
HDG,09:20:32,Buy Up,100,27000.0,0.0
HDG,09:20:32,Buy Up,200,27000.0,0.0
HDG,09:20:32,Buy Up,200,27000.0,0.0
HDG,09:20:28,Buy Up,1000,27000.0,0.0
HDG,09:20:28,Buy Up,1800,27000.0,0.0
HDG,09:20:28,Buy Up,100,27000.0,0.0
HDG,09:20:28,Buy Up,100,27000.0,0.0
HDG,09:20:27,Buy Up,100,27000.0,0.0
HDG,09:20:27,Buy Up,500,27000.0,0.0
HDG,09:20:27,Buy Up,7000,27000.0,0.0
HDG,09:20:27,Buy Up,500,27000.0,0.0
HDG,09:20:27,Buy Up,1000,27000.0,0.0
HDG,09:20:27,Buy Up,1000,27000.0,0.0
HDG,09:20:27,Buy Up,300,27000.0,0.0
HDG,09:20:27,Buy Up,5000,27000.0,0.0
HDG,09:20:27,Buy Up,4600,27000.0,0.0
HDG,09:20:17,Buy Up,100,27000.0,0.0
HDG,09:20:15,Buy Up,3000,27000.0,0.0
HDG,09:20:08,Buy Up,900,27000.0,0.0
HDG,09:20:07,Buy Up,1400,27000.0,0.0
HDG,09:20:07,Buy Up,1000,27000.0,0.0
HDG,09:20:07,Buy Up,2000,27000.0,0.0
HDG,09:20:07,Buy Up,100,27000.0,0.0
HDG,09:20:07,Buy Up,300,27000.0,0.0
HDG,09:20:07,Buy Up,300,27000.0,50.0
HDG,09:20:06,Sell Down,500,26950.0,-50.0
HDG,09:19:49,Buy Up,200,27000.0,0.0
HDG,09:19:49,Buy Up,500,27000.0,0.0
HDG,09:19:49,Buy Up,200,27000.0,0.0
HDG,09:19:49,Buy Up,100,27000.0,50.0
HDG,09:19:43,Sell Down,400,26950.0,-50.0
HDG,09:19:41,Buy Up,900,27000.0,0.0
HDG,09:19:41,Buy Up,100,27000.0,50.0
HDG,09:19:41,Sell Down,100,26950.0,0.0
HDG,09:19:40,Sell Down,1000,26950.0,0.0
HDG,09:19:40,Sell Down,300,26950.0,0.0
HDG,09:19:36,Sell Down,500,26950.0,0.0
HDG,09:19:31,Sell Down,4200,26950.0,0.0
HDG,09:19:31,Sell Down,500,26950.0,0.0
HDG,09:19:31,Sell Down,300,26950.0,0.0
HDG,09:19:29,Sell Down,500,26950.0,0.0
HDG,09:19:21,Sell Down,200,26950.0,50.0
HDG,09:18:59,Sell Down,300,26900.0,-50.0
HDG,09:18:59,Sell Down,200,26950.0,0.0
HDG,09:18:58,Sell Down,500,26950.0,0.0
HDG,09:18:57,Buy Up,300,26950.0,0.0
HDG,09:18:57,Buy Up,5000,26950.0,0.0
HDG,09:18:57,Buy Up,2000,26950.0,0.0
HDG,09:18:57,Buy Up,1000,26950.0,0.0
HDG,09:18:57,Buy Up,1000,26950.0,50.0
HDG,09:18:55,Sell Down,1000,26900.0,0.0
HDG,09:18:55,Sell Down,100,26900.0,0.0
HDG,09:18:54,Sell Down,200,26900.0,0.0
HDG,09:18:54,Sell Down,600,26900.0,0.0
HDG,09:18:41,Sell Down,5000,26900.0,0.0
HDG,09:18:41,Sell Down,3600,26900.0,0.0
HDG,09:18:41,Sell Down,100,26900.0,0.0
HDG,09:18:41,Sell Down,500,26900.0,0.0
HDG,09:18:41,Sell Down,200,26900.0,50.0
HDG,09:18:29,Sell Down,500,26850.0,0.0
HDG,09:18:21,Sell Down,2000,26850.0,0.0
HDG,09:18:19,Buy Up,300,26850.0,50.0
HDG,09:18:16,Sell Down,500,26800.0,0.0
HDG,09:17:59,Sell Down,500,26800.0,-100.0
HDG,09:17:44,Buy Up,800,26900.0,0.0
HDG,09:17:44,Buy Up,100,26900.0,0.0
HDG,09:17:44,Buy Up,100,26900.0,0.0
HDG,09:17:41,Buy Up,100,26900.0,0.0
HDG,09:17:41,Buy Up,800,26900.0,0.0
HDG,09:17:41,Buy Up,100,26900.0,100.0
HDG,09:17:36,Sell Down,2000,26800.0,0.0
HDG,09:17:32,Sell Down,500,26800.0,0.0
HDG,09:17:30,Sell Down,2000,26800.0,0.0
HDG,09:17:30,Sell Down,2500,26800.0,0.0
HDG,09:17:30,Sell Down,1000,26800.0,0.0
HDG,09:17:30,Buy Up,2000,26800.0,0.0
HDG,09:17:30,Buy Up,4000,26800.0,100.0
HDG,09:17:29,Sell Down,200,26700.0,-50.0
HDG,09:17:29,Sell Down,300,26750.0,-50.0
HDG,09:17:27,Buy Up,1000,26800.0,50.0
HDG,09:17:26,Sell Down,200,26750.0,0.0
HDG,09:17:26,Sell Down,500,26750.0,0.0
HDG,09:17:24,Buy Up,300,26750.0,0.0
HDG,09:17:20,Buy Up,500,26750.0,0.0
HDG,09:17:20,Buy Up,100,26750.0,0.0
HDG,09:17:17,Buy Up,200,26750.0,0.0
HDG,09:17:15,Sell Down,300,26750.0,0.0
HDG,09:17:15,Sell Down,100,26750.0,0.0
HDG,09:17:10,Sell Down,100,26750.0,0.0
HDG,09:17:10,Buy Up,100,26750.0,0.0
HDG,09:17:02,Buy Up,100,26750.0,100.0
HDG,09:16:59,Sell Down,300,26650.0,-50.0
HDG,09:16:59,Buy Up,200,26700.0,-50.0
HDG,09:16:56,Buy Up,500,26750.0,0.0
HDG,09:16:56,Buy Up,200,26750.0,0.0
HDG,09:16:56,Buy Up,1000,26750.0,0.0
HDG,09:16:56,Buy Up,300,26750.0,0.0
HDG,09:16:48,Buy Up,700,26750.0,0.0
HDG,09:16:31,Buy Up,1000,26750.0,0.0
HDG,09:16:31,Buy Up,500,26750.0,50.0
HDG,09:16:31,Buy Up,1000,26700.0,0.0
HDG,09:16:31,Buy Up,200,26700.0,0.0
HDG,09:16:31,Buy Up,300,26700.0,50.0
HDG,09:16:29,Sell Down,500,26650.0,0.0
HDG,09:16:23,Sell Down,300,26650.0,-50.0
HDG,09:16:15,Buy Up,100,26700.0,50.0
HDG,09:16:07,Sell Down,300,26650.0,0.0
HDG,09:16:07,Sell Down,100,26650.0,0.0
HDG,09:16:07,Sell Down,100,26650.0,0.0
HDG,09:15:59,Sell Down,500,26650.0,0.0
HDG,09:15:57,Sell Down,400,26650.0,0.0
HDG,09:15:57,Sell Down,100,26650.0,0.0
HDG,09:15:57,Sell Down,200,26650.0,0.0
