ticker,time,orderType,volume,price,prevPriceChange
PDR,10:53:44,Sell Down,1800,27500.0,-50.0
PDR,10:53:43,Buy Up,1000,27550.0,0.0
PDR,10:53:34,Buy Up,500,27550.0,0.0
PDR,10:53:14,Buy Up,400,27550.0,0.0
PDR,10:53:07,Buy Up,500,27550.0,0.0
PDR,10:53:04,Buy Up,900,27550.0,50.0
PDR,10:52:59,Sell Down,1700,27500.0,-50.0
PDR,10:52:54,Buy Up,4000,27550.0,0.0
PDR,10:52:34,Buy Up,2600,27550.0,50.0
PDR,10:52:18,Sell Down,1700,27500.0,-50.0
PDR,10:52:15,Buy Up,500,27550.0,0.0
PDR,10:52:06,Buy Up,100,27550.0,0.0
PDR,10:52:00,Buy Up,100,27550.0,50.0
PDR,10:51:59,Sell Down,1000,27500.0,0.0
PDR,10:51:59,Sell Down,2900,27500.0,0.0
PDR,10:51:59,Sell Down,1000,27500.0,0.0
PDR,10:51:59,Sell Down,200,27500.0,0.0
PDR,10:51:59,Sell Down,500,27500.0,0.0
PDR,10:51:59,Sell Down,5000,27500.0,0.0
PDR,10:51:59,Sell Down,1000,27500.0,0.0
PDR,10:51:59,Sell Down,1400,27500.0,0.0
PDR,10:51:54,Sell Down,600,27500.0,0.0
PDR,10:51:54,Sell Down,200,27500.0,0.0
PDR,10:51:54,Sell Down,1700,27500.0,-50.0
PDR,10:51:44,Buy Up,1000,27550.0,0.0
PDR,10:51:44,Buy Up,1000,27550.0,50.0
PDR,10:51:35,Sell Down,300,27500.0,0.0
PDR,10:51:35,Sell Down,300,27500.0,0.0
PDR,10:51:35,Sell Down,300,27500.0,0.0
PDR,10:51:35,Sell Down,300,27500.0,0.0
PDR,10:51:35,Sell Down,600,27500.0,-50.0
PDR,10:51:35,Buy Up,200,27550.0,50.0
PDR,10:51:31,Sell Down,400,27500.0,0.0
PDR,10:51:31,Sell Down,1000,27500.0,0.0
PDR,10:51:31,Sell Down,200,27500.0,0.0
PDR,10:51:31,Sell Down,700,27500.0,-50.0
PDR,10:51:28,Buy Up,600,27550.0,50.0
PDR,10:51:20,Sell Down,200,27500.0,0.0
PDR,10:51:08,Sell Down,100,27500.0,0.0
PDR,10:50:53,Sell Down,1800,27500.0,-50.0
PDR,10:50:44,Buy Up,500,27550.0,0.0
PDR,10:50:40,Buy Up,1000,27550.0,0.0
PDR,10:50:38,Buy Up,100,27550.0,0.0
PDR,10:50:28,Buy Up,100,27550.0,50.0
PDR,10:50:20,Sell Down,300,27500.0,-50.0
PDR,10:50:14,Buy Up,2000,27550.0,50.0
PDR,10:50:09,Sell Down,400,27500.0,0.0
PDR,10:50:09,Sell Down,1000,27500.0,0.0
PDR,10:50:09,Sell Down,300,27500.0,0.0
PDR,10:49:26,Sell Down,1900,27500.0,-50.0
PDR,10:49:20,Buy Up,100,27550.0,0.0
PDR,10:49:15,Buy Up,1000,27550.0,0.0
PDR,10:49:13,Buy Up,1000,27550.0,0.0
PDR,10:49:11,Buy Up,20000,27550.0,0.0
PDR,10:49:02,Buy Up,100,27550.0,50.0
PDR,10:48:52,Sell Down,1000,27500.0,-50.0
PDR,10:48:44,Buy Up,100,27550.0,50.0
PDR,10:48:41,Sell Down,1800,27500.0,0.0
PDR,10:48:41,Sell Down,100,27500.0,0.0
PDR,10:48:40,Sell Down,200,27500.0,0.0
PDR,10:48:40,Sell Down,1800,27500.0,-50.0
PDR,10:48:16,Buy Up,1000,27550.0,0.0
PDR,10:47:57,Buy Up,1000,27550.0,50.0
PDR,10:47:54,Sell Down,1800,27500.0,-50.0
PDR,10:47:34,Buy Up,400,27550.0,0.0
PDR,10:47:30,Buy Up,1000,27550.0,0.0
PDR,10:47:12,Buy Up,5000,27550.0,50.0
PDR,10:47:11,Sell Down,400,27500.0,0.0
PDR,10:47:11,Sell Down,1400,27500.0,-50.0
PDR,10:47:06,Sell Down,1900,27550.0,0.0
PDR,10:47:06,Sell Down,47800,27550.0,0.0
PDR,10:47:06,Sell Down,300,27550.0,0.0
PDR,10:46:50,Sell Down,200,27550.0,0.0
PDR,10:46:50,Sell Down,1700,27550.0,0.0
PDR,10:46:36,Buy Up,3000,27550.0,0.0
PDR,10:46:36,Buy Up,200,27550.0,0.0
PDR,10:46:36,Buy Up,1800,27550.0,0.0
PDR,10:46:30,Buy Up,100,27550.0,0.0
PDR,10:46:23,Buy Up,1100,27550.0,0.0
PDR,10:46:23,Buy Up,1000,27550.0,0.0
PDR,10:46:23,Buy Up,1400,27550.0,0.0
PDR,10:46:23,Buy Up,100,27550.0,0.0
PDR,10:46:23,Buy Up,500,27550.0,0.0
PDR,10:46:23,Buy Up,500,27550.0,0.0
PDR,10:46:23,Buy Up,3000,27550.0,0.0
PDR,10:46:23,Buy Up,2400,27550.0,0.0
PDR,10:46:12,Buy Up,500,27550.0,0.0
PDR,10:46:03,Buy Up,3100,27550.0,0.0
PDR,10:46:03,Buy Up,200,27550.0,0.0
PDR,10:46:03,Buy Up,3300,27550.0,0.0
PDR,10:45:53,Buy Up,6400,27550.0,0.0
PDR,10:45:53,Buy Up,200,27550.0,0.0
PDR,10:45:53,Buy Up,13400,27550.0,50.0
PDR,10:45:43,Sell Down,600,27500.0,0.0
PDR,10:45:43,Sell Down,300,27500.0,0.0
PDR,10:45:43,Sell Down,900,27500.0,-50.0
PDR,10:45:30,Buy Up,1000,27550.0,50.0
PDR,10:45:01,Sell Down,1700,27500.0,-50.0
PDR,10:44:31,Buy Up,2000,27550.0,0.0
PDR,10:44:31,Buy Up,300,27550.0,0.0
PDR,10:44:21,Buy Up,1000,27550.0,0.0
PDR,10:44:20,Buy Up,100,27550.0,50.0
PDR,10:44:18,Sell Down,1700,27500.0,-50.0
PDR,10:44:12,Buy Up,200,27550.0,0.0
PDR,10:44:08,Sell Down,200,27550.0,0.0
PDR,10:44:08,Sell Down,100,27550.0,0.0
PDR,10:44:05,Buy Up,3000,27550.0,0.0
PDR,10:44:05,Buy Up,100,27550.0,0.0
PDR,10:44:05,Buy Up,100,27550.0,0.0
PDR,10:44:05,Buy Up,400,27550.0,0.0
PDR,10:44:05,Buy Up,100,27550.0,0.0
PDR,10:44:05,Buy Up,1200,27550.0,0.0
PDR,10:44:00,Sell Down,100,27550.0,0.0
PDR,10:43:41,Sell Down,700,27550.0,0.0
PDR,10:43:41,Sell Down,300,27550.0,0.0
PDR,10:43:39,Sell Down,100,27550.0,0.0
PDR,10:43:37,Sell Down,1800,27550.0,0.0
PDR,10:43:35,Sell Down,300,27550.0,0.0
PDR,10:43:35,Sell Down,200,27550.0,0.0
PDR,10:43:26,Sell Down,100,27550.0,0.0
PDR,10:43:25,Sell Down,200,27550.0,0.0
PDR,10:43:20,Sell Down,1800,27550.0,0.0
PDR,10:43:19,Buy Up,200,27550.0,0.0
PDR,10:43:06,Buy Up,400,27550.0,0.0
PDR,10:43:01,Buy Up,5000,27550.0,50.0
PDR,10:42:53,Sell Down,2000,27500.0,-50.0
PDR,10:42:42,Buy Up,500,27550.0,0.0
PDR,10:42:40,Sell Down,100,27550.0,0.0
PDR,10:42:40,Sell Down,11800,27550.0,0.0
PDR,10:42:40,Sell Down,100,27550.0,0.0
PDR,10:42:40,Sell Down,500,27550.0,0.0
PDR,10:42:40,Sell Down,100,27550.0,0.0
PDR,10:42:40,Sell Down,10000,27550.0,0.0
PDR,10:42:40,Sell Down,500,27550.0,0.0
PDR,10:42:40,Sell Down,100,27550.0,0.0
PDR,10:42:40,Sell Down,200,27550.0,0.0
PDR,10:42:40,Sell Down,2000,27550.0,0.0
PDR,10:42:40,Sell Down,200,27550.0,0.0
PDR,10:42:40,Sell Down,4600,27550.0,0.0
PDR,10:42:38,Sell Down,300,27550.0,0.0
PDR,10:42:25,Sell Down,500,27550.0,0.0
PDR,10:42:23,Sell Down,100,27550.0,0.0
PDR,10:42:21,Sell Down,4000,27550.0,0.0
PDR,10:42:17,Sell Down,400,27550.0,0.0
PDR,10:42:14,Sell Down,100,27550.0,0.0
PDR,10:42:14,Sell Down,100,27550.0,0.0
PDR,10:42:14,Sell Down,1800,27550.0,0.0
PDR,10:42:09,Sell Down,100,27550.0,0.0
PDR,10:42:03,Sell Down,200,27550.0,0.0
PDR,10:42:03,Sell Down,500,27550.0,0.0
PDR,10:42:03,Sell Down,300,27550.0,0.0
PDR,10:42:03,Sell Down,500,27550.0,0.0
PDR,10:42:03,Sell Down,100,27550.0,0.0
PDR,10:42:03,Sell Down,300,27550.0,0.0
PDR,10:41:46,Sell Down,700,27550.0,0.0
PDR,10:41:46,Sell Down,300,27550.0,0.0
PDR,10:41:45,Sell Down,200,27550.0,0.0
PDR,10:41:45,Sell Down,200,27550.0,0.0
PDR,10:41:43,Sell Down,300,27550.0,0.0
PDR,10:41:41,Sell Down,600,27550.0,0.0
PDR,10:41:41,Sell Down,2300,27550.0,0.0
PDR,10:41:17,Sell Down,1700,27550.0,0.0
PDR,10:41:17,Sell Down,2000,27550.0,0.0
PDR,10:41:00,Sell Down,1000,27550.0,0.0
PDR,10:40:52,Sell Down,1000,27550.0,0.0
PDR,10:40:46,Sell Down,1600,27550.0,-50.0
PDR,10:40:44,Buy Up,100,27600.0,50.0
PDR,10:40:42,Sell Down,400,27550.0,0.0
PDR,10:40:42,Sell Down,200,27550.0,0.0
PDR,10:40:42,Sell Down,1400,27550.0,0.0
PDR,10:40:40,Sell Down,100,27550.0,0.0
PDR,10:40:40,Sell Down,900,27550.0,0.0
PDR,10:40:35,Sell Down,100,27550.0,0.0
PDR,10:40:35,Sell Down,400,27550.0,0.0
PDR,10:40:35,Sell Down,1000,27550.0,0.0
PDR,10:40:35,Sell Down,300,27550.0,0.0
PDR,10:40:26,Sell Down,1000,27550.0,0.0
PDR,10:40:23,Sell Down,5000,27550.0,0.0
PDR,10:40:16,Sell Down,2300,27550.0,0.0
PDR,10:40:16,Sell Down,3700,27550.0,0.0
PDR,10:40:16,Sell Down,2000,27550.0,0.0
PDR,10:40:16,Sell Down,16000,27550.0,0.0
PDR,10:40:14,Sell Down,500,27550.0,0.0
PDR,10:39:53,Sell Down,1800,27550.0,0.0
PDR,10:39:44,Sell Down,1700,27550.0,-50.0
PDR,10:39:24,Buy Up,100,27600.0,0.0
PDR,10:39:24,Buy Up,400,27600.0,50.0
PDR,10:39:13,Sell Down,100,27550.0,0.0
PDR,10:39:12,Sell Down,300,27550.0,0.0
PDR,10:39:12,Sell Down,1000,27550.0,0.0
PDR,10:39:09,Sell Down,1600,27550.0,0.0
PDR,10:39:09,Sell Down,100,27550.0,0.0
PDR,10:39:09,Sell Down,100,27550.0,0.0
PDR,10:39:07,Sell Down,2000,27550.0,0.0
PDR,10:38:59,Sell Down,100,27550.0,0.0
PDR,10:38:57,Sell Down,2000,27550.0,0.0
PDR,10:38:54,Sell Down,8900,27550.0,0.0
PDR,10:38:44,Sell Down,100,27550.0,0.0
PDR,10:38:44,Sell Down,500,27550.0,0.0
PDR,10:38:42,Sell Down,10000,27550.0,0.0
PDR,10:38:24,Sell Down,1800,27550.0,0.0
PDR,10:37:41,Sell Down,1900,27550.0,0.0
PDR,10:37:28,Sell Down,1000,27550.0,0.0
PDR,10:37:28,Sell Down,2600,27550.0,0.0
PDR,10:37:28,Sell Down,1500,27550.0,0.0
PDR,10:36:54,Sell Down,500,27550.0,0.0
PDR,10:36:54,Sell Down,1000,27550.0,0.0
PDR,10:36:54,Sell Down,400,27550.0,-50.0
PDR,10:36:53,Buy Up,100,27600.0,50.0
PDR,10:36:45,Sell Down,3000,27550.0,0.0
PDR,10:36:45,Sell Down,9600,27550.0,0.0
PDR,10:36:45,Sell Down,100,27550.0,0.0
PDR,10:36:45,Sell Down,100,27550.0,0.0
PDR,10:36:45,Sell Down,100,27550.0,0.0
PDR,10:36:45,Sell Down,1000,27550.0,0.0
PDR,10:36:45,Sell Down,500,27550.0,0.0
PDR,10:36:45,Sell Down,100,27550.0,0.0
PDR,10:36:45,Sell Down,2000,27550.0,0.0
PDR,10:36:45,Sell Down,300,27550.0,0.0
PDR,10:36:45,Sell Down,500,27550.0,0.0
PDR,10:36:45,Sell Down,500,27550.0,0.0
PDR,10:36:45,Sell Down,2000,27550.0,0.0
PDR,10:36:45,Sell Down,200,27550.0,0.0
PDR,10:36:45,Sell Down,200,27550.0,0.0
PDR,10:36:45,Sell Down,2000,27550.0,0.0
PDR,10:36:45,Sell Down,100,27550.0,0.0
PDR,10:36:45,Sell Down,2100,27550.0,0.0
PDR,10:36:37,Sell Down,1000,27550.0,0.0
PDR,10:36:28,Sell Down,200,27550.0,0.0
PDR,10:36:27,Sell Down,100,27550.0,0.0
PDR,10:36:18,Sell Down,300,27550.0,0.0
PDR,10:36:18,Sell Down,1500,27550.0,0.0
PDR,10:36:18,Sell Down,200,27550.0,0.0
PDR,10:36:09,Sell Down,1800,27550.0,0.0
PDR,10:35:55,Sell Down,4000,27550.0,-50.0
PDR,10:35:55,Buy Up,1000,27600.0,50.0
PDR,10:35:52,Sell Down,500,27550.0,-50.0
PDR,10:35:44,Buy Up,200,27600.0,0.0
PDR,10:35:40,Buy Up,600,27600.0,0.0
PDR,10:35:36,Buy Up,1000,27600.0,0.0
PDR,10:35:28,Buy Up,100,27600.0,50.0
PDR,10:35:25,Sell Down,1700,27550.0,-50.0
PDR,10:35:12,Buy Up,600,27600.0,0.0
PDR,10:35:12,Buy Up,400,27600.0,50.0
PDR,10:35:03,Sell Down,1000,27550.0,-50.0
PDR,10:35:01,Buy Up,300,27600.0,50.0
PDR,10:34:46,Sell Down,400,27550.0,0.0
PDR,10:34:41,Sell Down,1700,27550.0,0.0
PDR,10:34:18,Sell Down,5800,27550.0,0.0
PDR,10:33:59,Sell Down,1800,27550.0,-50.0
PDR,10:33:57,Buy Up,100,27600.0,0.0
PDR,10:33:47,Buy Up,200,27600.0,50.0
PDR,10:33:40,Sell Down,1000,27550.0,0.0
PDR,10:33:34,Sell Down,100,27550.0,0.0
PDR,10:33:34,Sell Down,300,27550.0,0.0
PDR,10:33:34,Sell Down,100,27550.0,0.0
PDR,10:33:17,Sell Down,100,27550.0,0.0
PDR,10:33:17,Sell Down,500,27550.0,0.0
PDR,10:33:17,Sell Down,100,27550.0,0.0
PDR,10:33:17,Sell Down,1100,27550.0,0.0
PDR,10:33:12,Sell Down,100,27550.0,0.0
PDR,10:33:12,Sell Down,2000,27550.0,0.0
PDR,10:33:12,Sell Down,900,27550.0,-50.0
PDR,10:33:02,Buy Up,100,27600.0,50.0
PDR,10:32:57,Sell Down,1000,27550.0,0.0
PDR,10:32:55,Sell Down,100,27550.0,0.0
PDR,10:32:54,Sell Down,1000,27550.0,0.0
PDR,10:32:54,Sell Down,700,27550.0,0.0
PDR,10:32:45,Sell Down,300,27550.0,0.0
PDR,10:32:45,Sell Down,100,27550.0,0.0
PDR,10:32:45,Sell Down,100,27550.0,0.0
PDR,10:32:42,Sell Down,900,27550.0,0.0
PDR,10:32:42,Sell Down,500,27550.0,0.0
PDR,10:32:42,Sell Down,100,27550.0,0.0
PDR,10:32:42,Sell Down,100,27550.0,0.0
PDR,10:32:42,Sell Down,400,27550.0,0.0
PDR,10:32:35,Sell Down,600,27550.0,0.0
PDR,10:32:35,Sell Down,1100,27550.0,0.0
PDR,10:32:21,Sell Down,100,27550.0,-50.0
PDR,10:32:19,Buy Up,3000,27600.0,50.0
PDR,10:32:19,Sell Down,1000,27550.0,0.0
PDR,10:32:18,Sell Down,10000,27550.0,0.0
PDR,10:32:16,Sell Down,500,27550.0,0.0
PDR,10:32:14,Sell Down,1000,27550.0,0.0
PDR,10:32:09,Sell Down,1300,27550.0,0.0
PDR,10:32:09,Sell Down,2000,27550.0,0.0
PDR,10:32:09,Sell Down,1000,27550.0,0.0
PDR,10:32:09,Sell Down,700,27550.0,0.0
PDR,10:32:01,Sell Down,100,27550.0,0.0
PDR,10:31:52,Sell Down,100,27550.0,0.0
PDR,10:31:52,Sell Down,1700,27550.0,0.0
PDR,10:31:52,Sell Down,1300,27550.0,0.0
PDR,10:31:52,Sell Down,300,27550.0,0.0
PDR,10:31:52,Sell Down,1100,27550.0,0.0
PDR,10:31:52,Sell Down,300,27550.0,0.0
PDR,10:31:50,Sell Down,100,27550.0,0.0
PDR,10:31:45,Sell Down,400,27550.0,0.0
PDR,10:31:45,Sell Down,100,27550.0,0.0
PDR,10:31:09,Sell Down,1700,27550.0,0.0
PDR,10:31:08,Sell Down,200,27550.0,0.0
PDR,10:31:08,Sell Down,400,27550.0,0.0
PDR,10:31:08,Sell Down,400,27550.0,0.0
PDR,10:30:53,Sell Down,100,27550.0,0.0
PDR,10:30:46,Sell Down,1000,27550.0,0.0
PDR,10:30:42,Sell Down,100,27550.0,0.0
PDR,10:30:41,Sell Down,100,27550.0,0.0
PDR,10:30:27,Sell Down,300,27550.0,0.0
PDR,10:30:27,Sell Down,1500,27550.0,0.0
PDR,10:30:27,Sell Down,3900,27550.0,0.0
PDR,10:30:17,Sell Down,1000,27550.0,0.0
PDR,10:30:15,Sell Down,500,27550.0,0.0
PDR,10:30:06,Sell Down,100,27550.0,0.0
PDR,10:30:01,Sell Down,300,27550.0,0.0
PDR,10:29:55,Sell Down,4900,27550.0,0.0
PDR,10:29:42,Sell Down,1800,27550.0,0.0
PDR,10:29:38,Sell Down,500,27550.0,0.0
PDR,10:29:37,Sell Down,1900,27550.0,0.0
PDR,10:29:30,Sell Down,100,27550.0,0.0
PDR,10:29:24,Sell Down,300,27550.0,0.0
PDR,10:29:23,Sell Down,100,27550.0,0.0
PDR,10:29:22,Sell Down,300,27550.0,0.0
PDR,10:29:04,Sell Down,1000,27550.0,0.0
PDR,10:29:00,Sell Down,1800,27550.0,0.0
PDR,10:28:57,Sell Down,10000,27550.0,0.0
PDR,10:28:54,Sell Down,2000,27550.0,0.0
PDR,10:28:48,Sell Down,10000,27550.0,0.0
PDR,10:28:47,Sell Down,1000,27550.0,0.0
PDR,10:28:44,Sell Down,10000,27550.0,0.0
PDR,10:28:32,Sell Down,21600,27550.0,0.0
PDR,10:28:30,Sell Down,800,27550.0,0.0
PDR,10:28:15,Sell Down,1900,27550.0,0.0
PDR,10:28:00,Sell Down,700,27550.0,-50.0
PDR,10:27:48,Buy Up,1000,27600.0,50.0
PDR,10:27:34,Sell Down,1500,27550.0,0.0
PDR,10:27:30,Sell Down,100,27550.0,0.0
PDR,10:27:30,Sell Down,500,27550.0,0.0
PDR,10:27:30,Sell Down,100,27550.0,0.0
PDR,10:27:30,Sell Down,1100,27550.0,0.0
PDR,10:26:47,Sell Down,400,27550.0,50.0
PDR,10:26:46,Sell Down,1000,27500.0,-50.0
PDR,10:26:46,Sell Down,100,27550.0,0.0
PDR,10:26:46,Sell Down,600,27550.0,0.0
PDR,10:26:38,Sell Down,400,27550.0,0.0
PDR,10:26:38,Sell Down,600,27550.0,0.0
PDR,10:26:28,Sell Down,9000,27550.0,0.0
PDR,10:26:27,Sell Down,1600,27550.0,0.0
PDR,10:26:09,Sell Down,100,27550.0,0.0
PDR,10:26:06,Buy Up,300,27550.0,0.0
PDR,10:26:06,Buy Up,2100,27550.0,0.0
PDR,10:26:06,Buy Up,200,27550.0,0.0
PDR,10:26:06,Buy Up,100,27550.0,0.0
PDR,10:26:06,Buy Up,300,27550.0,0.0
PDR,10:26:06,Buy Up,700,27550.0,0.0
PDR,10:26:03,Buy Up,200,27550.0,0.0
PDR,10:25:53,Buy Up,200,27550.0,0.0
PDR,10:25:48,Buy Up,100,27550.0,0.0
PDR,10:25:36,Buy Up,5000,27550.0,0.0
PDR,10:25:34,Buy Up,200,27550.0,0.0
PDR,10:25:32,Buy Up,100,27550.0,0.0
PDR,10:25:24,Buy Up,400,27550.0,0.0
PDR,10:25:16,Buy Up,500,27550.0,0.0
PDR,10:25:16,Buy Up,500,27550.0,0.0
PDR,10:25:16,Buy Up,2000,27550.0,50.0
PDR,10:25:11,Sell Down,1800,27500.0,-50.0
PDR,10:25:08,Buy Up,700,27550.0,0.0
PDR,10:25:01,Buy Up,3000,27550.0,50.0
PDR,10:24:29,Sell Down,900,27500.0,0.0
PDR,10:24:29,Sell Down,500,27500.0,0.0
PDR,10:24:29,Sell Down,300,27500.0,-50.0
PDR,10:24:20,Buy Up,2000,27550.0,0.0
PDR,10:24:20,Buy Up,2000,27550.0,50.0
PDR,10:23:47,Sell Down,100,27500.0,0.0
PDR,10:23:47,Sell Down,200,27500.0,0.0
PDR,10:23:47,Sell Down,100,27500.0,-50.0
PDR,10:23:47,Buy Up,900,27550.0,0.0
PDR,10:23:47,Buy Up,600,27550.0,0.0
PDR,10:23:39,Buy Up,100,27550.0,0.0
PDR,10:23:39,Buy Up,300,27550.0,0.0
PDR,10:23:32,Buy Up,200,27550.0,0.0
PDR,10:23:24,Sell Down,200,27550.0,0.0
PDR,10:23:24,Sell Down,1000,27550.0,0.0
PDR,10:23:24,Sell Down,300,27550.0,0.0
PDR,10:23:20,Sell Down,2700,27550.0,0.0
PDR,10:23:20,Sell Down,3200,27550.0,0.0
PDR,10:23:20,Sell Down,400,27550.0,0.0
PDR,10:23:20,Sell Down,100,27550.0,0.0
PDR,10:23:20,Sell Down,1000,27550.0,0.0
PDR,10:23:20,Sell Down,100,27550.0,0.0
PDR,10:23:20,Sell Down,200,27550.0,0.0
PDR,10:23:20,Sell Down,200,27550.0,0.0
PDR,10:23:20,Sell Down,2100,27550.0,0.0
PDR,10:23:13,Sell Down,300,27550.0,0.0
PDR,10:23:01,Sell Down,1600,27550.0,0.0
PDR,10:23:01,Sell Down,100,27550.0,0.0
PDR,10:23:01,Sell Down,100,27550.0,0.0
PDR,10:22:59,Sell Down,100,27550.0,0.0
PDR,10:22:59,Sell Down,1300,27550.0,0.0
PDR,10:22:53,Sell Down,5000,27550.0,0.0
PDR,10:22:34,Sell Down,500,27550.0,0.0
PDR,10:22:29,Sell Down,1800,27550.0,0.0
PDR,10:22:29,Sell Down,100,27550.0,0.0
PDR,10:22:22,Sell Down,9000,27550.0,0.0
PDR,10:22:17,Sell Down,2000,27550.0,0.0
PDR,10:22:17,Sell Down,1700,27550.0,0.0
PDR,10:22:10,Sell Down,8000,27550.0,0.0
PDR,10:22:08,Sell Down,600,27550.0,0.0
PDR,10:22:08,Sell Down,4400,27550.0,0.0
PDR,10:22:01,Sell Down,200,27550.0,0.0
PDR,10:21:36,Sell Down,400,27550.0,0.0
PDR,10:21:36,Sell Down,300,27550.0,0.0
PDR,10:21:35,Sell Down,700,27550.0,0.0
PDR,10:21:35,Sell Down,500,27550.0,0.0
PDR,10:21:35,Sell Down,500,27550.0,0.0
PDR,10:21:35,Sell Down,100,27550.0,0.0
PDR,10:21:24,Sell Down,4900,27550.0,0.0
PDR,10:21:24,Sell Down,1000,27550.0,0.0
PDR,10:21:24,Sell Down,500,27550.0,0.0
PDR,10:21:24,Sell Down,1000,27550.0,0.0
PDR,10:21:24,Sell Down,2600,27550.0,0.0
PDR,10:21:17,Sell Down,200,27550.0,0.0
PDR,10:21:09,Sell Down,200,27550.0,0.0
PDR,10:21:09,Sell Down,1000,27550.0,0.0
PDR,10:21:09,Sell Down,3800,27550.0,0.0
PDR,10:20:52,Sell Down,1800,27550.0,0.0
PDR,10:20:51,Sell Down,200,27550.0,0.0
PDR,10:20:37,Sell Down,400,27550.0,0.0
PDR,10:20:37,Sell Down,600,27550.0,0.0
PDR,10:20:36,Sell Down,500,27550.0,0.0
PDR,10:20:14,Sell Down,1000,27550.0,0.0
PDR,10:20:13,Sell Down,700,27550.0,0.0
PDR,10:20:07,Sell Down,1700,27550.0,0.0
PDR,10:20:01,Sell Down,300,27550.0,0.0
PDR,10:19:56,Sell Down,200,27550.0,0.0
PDR,10:19:56,Sell Down,1000,27550.0,0.0
PDR,10:19:56,Sell Down,1800,27550.0,0.0
PDR,10:19:29,Sell Down,200,27550.0,0.0
PDR,10:19:29,Sell Down,100,27550.0,0.0
PDR,10:19:25,Sell Down,100,27550.0,0.0
PDR,10:19:25,Sell Down,500,27550.0,0.0
PDR,10:19:25,Sell Down,200,27550.0,0.0
PDR,10:19:25,Sell Down,400,27550.0,0.0
PDR,10:19:25,Sell Down,600,27550.0,0.0
PDR,10:19:25,Sell Down,1200,27550.0,0.0
PDR,10:19:18,Sell Down,500,27550.0,-50.0
PDR,10:19:15,Buy Up,4900,27600.0,0.0
PDR,10:19:15,Buy Up,400,27600.0,0.0
PDR,10:19:15,Buy Up,500,27600.0,0.0
PDR,10:19:15,Buy Up,500,27600.0,0.0
PDR,10:19:15,Buy Up,2000,27600.0,0.0
PDR,10:19:15,Buy Up,500,27600.0,0.0
PDR,10:19:15,Buy Up,700,27600.0,50.0
PDR,10:19:11,Sell Down,300,27550.0,0.0
PDR,10:19:11,Sell Down,2000,27550.0,0.0
PDR,10:19:11,Sell Down,600,27550.0,0.0
PDR,10:19:11,Sell Down,100,27550.0,0.0
PDR,10:19:08,Sell Down,1200,27550.0,0.0
PDR,10:19:08,Sell Down,100,27550.0,0.0
PDR,10:19:08,Sell Down,200,27550.0,0.0
PDR,10:19:08,Sell Down,200,27550.0,0.0
PDR,10:19:08,Sell Down,200,27550.0,0.0
PDR,10:19:08,Sell Down,1000,27550.0,0.0
PDR,10:19:08,Sell Down,1000,27550.0,0.0
PDR,10:19:07,Sell Down,500,27550.0,0.0
PDR,10:19:07,Sell Down,100,27550.0,0.0
PDR,10:19:07,Sell Down,900,27550.0,0.0
PDR,10:19:07,Sell Down,2100,27550.0,0.0
PDR,10:18:59,Sell Down,2000,27550.0,0.0
PDR,10:18:56,Sell Down,9900,27550.0,0.0
PDR,10:18:54,Sell Down,1000,27550.0,0.0
PDR,10:18:42,Sell Down,1700,27550.0,0.0
PDR,10:18:35,Sell Down,3300,27550.0,0.0
PDR,10:18:35,Sell Down,400,27550.0,0.0
PDR,10:18:35,Sell Down,500,27550.0,0.0
PDR,10:18:35,Sell Down,100,27550.0,0.0
PDR,10:18:35,Sell Down,700,27550.0,0.0
PDR,10:18:31,Sell Down,300,27550.0,0.0
PDR,10:18:22,Sell Down,1000,27550.0,0.0
PDR,10:18:22,Sell Down,100,27550.0,0.0
PDR,10:18:22,Sell Down,1000,27550.0,0.0
PDR,10:18:22,Sell Down,400,27550.0,0.0
PDR,10:18:11,Sell Down,500,27550.0,0.0
PDR,10:18:06,Sell Down,400,27550.0,0.0
PDR,10:18:00,Sell Down,700,27550.0,0.0
PDR,10:18:00,Sell Down,1000,27550.0,0.0
PDR,10:18:00,Sell Down,200,27550.0,0.0
PDR,10:17:58,Sell Down,700,27550.0,0.0
PDR,10:17:52,Sell Down,100,27550.0,0.0
PDR,10:17:52,Sell Down,900,27550.0,0.0
PDR,10:17:46,Sell Down,2100,27550.0,0.0
PDR,10:17:46,Sell Down,500,27550.0,0.0
PDR,10:17:46,Sell Down,2400,27550.0,0.0
PDR,10:17:44,Sell Down,300,27550.0,0.0
PDR,10:17:44,Sell Down,1400,27550.0,0.0
PDR,10:17:39,Sell Down,300,27550.0,0.0
PDR,10:17:38,Sell Down,1000,27550.0,0.0
PDR,10:17:28,Sell Down,2000,27550.0,0.0
PDR,10:17:16,Sell Down,500,27550.0,0.0
PDR,10:17:14,Sell Down,1800,27550.0,0.0
PDR,10:17:06,Sell Down,500,27550.0,0.0
PDR,10:17:04,Sell Down,500,27550.0,0.0
PDR,10:17:02,Sell Down,100,27550.0,0.0
PDR,10:16:29,Sell Down,1000,27550.0,0.0
PDR,10:16:29,Sell Down,500,27550.0,0.0
PDR,10:16:29,Sell Down,300,27550.0,0.0
PDR,10:16:25,Sell Down,100,27550.0,0.0
PDR,10:16:03,Sell Down,28200,27550.0,0.0
PDR,10:16:03,Sell Down,500,27550.0,0.0
PDR,10:16:03,Sell Down,500,27550.0,0.0
PDR,10:15:59,Sell Down,1000,27550.0,0.0
PDR,10:15:57,Sell Down,1500,27550.0,0.0
PDR,10:15:57,Sell Down,300,27550.0,0.0
PDR,10:15:57,Sell Down,100,27550.0,0.0
PDR,10:15:57,Sell Down,100,27550.0,0.0
PDR,10:15:46,Sell Down,900,27550.0,0.0
PDR,10:15:46,Sell Down,1000,27550.0,0.0
PDR,10:15:42,Sell Down,100,27550.0,0.0
PDR,10:15:14,Sell Down,300,27550.0,0.0
PDR,10:15:11,Sell Down,100,27550.0,0.0
PDR,10:15:11,Sell Down,4600,27550.0,0.0
PDR,10:15:11,Sell Down,1000,27550.0,0.0
PDR,10:15:11,Sell Down,400,27550.0,0.0
PDR,10:15:11,Sell Down,4000,27550.0,0.0
PDR,10:15:11,Sell Down,700,27550.0,0.0
PDR,10:15:11,Sell Down,500,27550.0,0.0
PDR,10:15:11,Sell Down,2000,27550.0,0.0
PDR,10:15:11,Sell Down,1000,27550.0,0.0
PDR,10:15:11,Sell Down,2000,27550.0,0.0
PDR,10:15:11,Sell Down,100,27550.0,0.0
PDR,10:15:11,Sell Down,3600,27550.0,0.0
PDR,10:15:04,Sell Down,500,27550.0,0.0
PDR,10:15:03,Sell Down,900,27550.0,0.0
PDR,10:15:01,Sell Down,1800,27550.0,0.0
PDR,10:14:59,Sell Down,800,27550.0,0.0
PDR,10:14:57,Sell Down,1000,27550.0,0.0
PDR,10:14:46,Sell Down,100,27550.0,0.0
PDR,10:14:36,Sell Down,100,27550.0,-50.0
PDR,10:14:36,Buy Up,2000,27600.0,0.0
PDR,10:14:36,Buy Up,100,27600.0,0.0
PDR,10:14:36,Buy Up,100,27600.0,0.0
PDR,10:14:36,Buy Up,100,27600.0,0.0
PDR,10:14:36,Buy Up,200,27600.0,0.0
PDR,10:14:36,Buy Up,1200,27600.0,0.0
PDR,10:14:36,Buy Up,300,27600.0,50.0
PDR,10:14:31,Sell Down,100,27550.0,0.0
PDR,10:14:29,Sell Down,800,27550.0,0.0
PDR,10:14:29,Sell Down,300,27550.0,0.0
PDR,10:14:29,Sell Down,200,27550.0,0.0
PDR,10:14:22,Sell Down,200,27550.0,0.0
PDR,10:14:22,Sell Down,200,27550.0,0.0
PDR,10:14:22,Sell Down,300,27550.0,0.0
PDR,10:14:22,Sell Down,300,27550.0,0.0
PDR,10:14:21,Sell Down,200,27550.0,0.0
PDR,10:14:21,Sell Down,1000,27550.0,0.0
PDR,10:14:21,Sell Down,100,27550.0,0.0
PDR,10:14:21,Sell Down,300,27550.0,0.0
PDR,10:14:20,Sell Down,100,27550.0,0.0
PDR,10:14:20,Sell Down,2600,27550.0,0.0
PDR,10:14:20,Sell Down,600,27550.0,0.0
PDR,10:14:20,Sell Down,1000,27550.0,0.0
PDR,10:14:20,Sell Down,1000,27550.0,0.0
PDR,10:14:20,Sell Down,200,27550.0,0.0
PDR,10:14:20,Sell Down,500,27550.0,0.0
PDR,10:14:20,Sell Down,1000,27550.0,0.0
PDR,10:14:20,Sell Down,100,27550.0,0.0
PDR,10:14:20,Sell Down,200,27550.0,0.0
PDR,10:14:20,Sell Down,200,27550.0,0.0
PDR,10:14:20,Sell Down,300,27550.0,0.0
PDR,10:14:20,Sell Down,100,27550.0,0.0
PDR,10:14:20,Sell Down,2200,27550.0,0.0
PDR,10:14:20,Sell Down,100,27550.0,0.0
PDR,10:14:15,Sell Down,1700,27550.0,0.0
PDR,10:14:00,Sell Down,4000,27550.0,0.0
PDR,10:13:33,Sell Down,1800,27550.0,-50.0
PDR,10:13:25,Buy Up,700,27600.0,50.0
PDR,10:13:15,Sell Down,1000,27550.0,0.0
PDR,10:12:51,Sell Down,300,27550.0,0.0
PDR,10:12:49,Sell Down,100,27550.0,-50.0
PDR,10:12:46,Buy Up,200,27600.0,0.0
PDR,10:12:46,Buy Up,100,27600.0,0.0
PDR,10:12:46,Buy Up,1700,27600.0,0.0
PDR,10:12:45,Buy Up,300,27600.0,0.0
PDR,10:12:45,Buy Up,1200,27600.0,0.0
PDR,10:12:40,Buy Up,700,27600.0,0.0
PDR,10:12:31,Buy Up,300,27600.0,50.0
PDR,10:12:22,Sell Down,29200,27550.0,0.0
PDR,10:12:21,Sell Down,600,27550.0,0.0
PDR,10:12:12,Sell Down,300,27550.0,-50.0
PDR,10:12:09,Buy Up,200,27600.0,0.0
PDR,10:12:08,Buy Up,1600,27600.0,0.0
PDR,10:12:08,Buy Up,1400,27600.0,0.0
PDR,10:11:57,Buy Up,600,27600.0,0.0
PDR,10:11:57,Buy Up,300,27600.0,0.0
PDR,10:11:57,Buy Up,100,27600.0,0.0
PDR,10:11:54,Buy Up,1100,27600.0,0.0
PDR,10:11:54,Buy Up,1900,27600.0,0.0
PDR,10:11:51,Buy Up,100,27600.0,0.0
PDR,10:11:41,Buy Up,300,27600.0,0.0
PDR,10:11:41,Buy Up,1000,27600.0,0.0
PDR,10:11:37,Buy Up,3800,27600.0,0.0
PDR,10:11:37,Buy Up,500,27600.0,0.0
PDR,10:11:37,Buy Up,700,27600.0,0.0
PDR,10:11:24,Buy Up,100,27600.0,50.0
PDR,10:11:16,Sell Down,300,27550.0,-50.0
PDR,10:11:08,Buy Up,100,27600.0,0.0
PDR,10:11:03,Buy Up,100,27600.0,0.0
PDR,10:10:43,Buy Up,500,27600.0,0.0
PDR,10:10:18,Buy Up,1000,27600.0,50.0
PDR,10:10:03,Sell Down,500,27550.0,-50.0
PDR,10:09:25,Buy Up,1000,27600.0,50.0
PDR,10:09:08,Sell Down,100,27550.0,-50.0
PDR,10:09:07,Buy Up,1500,27600.0,50.0
PDR,10:08:55,Sell Down,400,27550.0,-50.0
PDR,10:08:44,Buy Up,5000,27600.0,0.0
PDR,10:08:44,Buy Up,2000,27600.0,0.0
PDR,10:08:44,Buy Up,3000,27600.0,50.0
PDR,10:08:23,Sell Down,100,27550.0,0.0
PDR,10:08:14,Sell Down,200,27550.0,0.0
PDR,10:08:05,Sell Down,100,27550.0,0.0
PDR,10:08:04,Sell Down,7000,27550.0,0.0
PDR,10:08:04,Sell Down,3800,27550.0,-50.0
PDR,10:08:02,Buy Up,300,27600.0,0.0
PDR,10:07:59,Buy Up,1100,27600.0,0.0
PDR,10:07:49,Buy Up,600,27600.0,0.0
PDR,10:07:49,Buy Up,200,27600.0,0.0
PDR,10:07:39,Buy Up,100,27600.0,0.0
PDR,10:07:21,Buy Up,500,27600.0,0.0
PDR,10:06:41,Buy Up,100,27600.0,0.0
PDR,10:06:41,Buy Up,100,27600.0,0.0
PDR,10:06:41,Buy Up,100,27600.0,50.0
PDR,10:06:19,Sell Down,100,27550.0,0.0
PDR,10:06:17,Sell Down,300,27550.0,0.0
PDR,10:06:16,Sell Down,100,27550.0,-50.0
PDR,10:06:09,Buy Up,900,27600.0,0.0
PDR,10:06:08,Buy Up,1000,27600.0,0.0
PDR,10:06:08,Buy Up,100,27600.0,0.0
PDR,10:06:08,Buy Up,400,27600.0,0.0
PDR,10:06:08,Buy Up,100,27600.0,0.0
PDR,10:06:08,Buy Up,100,27600.0,0.0
PDR,10:06:08,Buy Up,100,27600.0,0.0
PDR,10:06:08,Buy Up,400,27600.0,0.0
PDR,10:06:08,Buy Up,1000,27600.0,0.0
PDR,10:06:08,Buy Up,900,27600.0,50.0
PDR,10:06:00,Sell Down,100,27550.0,0.0
PDR,10:05:59,Sell Down,500,27550.0,0.0
PDR,10:05:34,Sell Down,500,27550.0,0.0
PDR,10:05:32,Sell Down,500,27550.0,0.0
PDR,10:05:32,Sell Down,1000,27550.0,0.0
PDR,10:05:31,Sell Down,200,27550.0,0.0
PDR,10:05:08,Sell Down,100,27550.0,0.0
PDR,10:05:08,Sell Down,3000,27550.0,0.0
PDR,10:04:43,Sell Down,1000,27550.0,0.0
PDR,10:04:39,Sell Down,5000,27550.0,0.0
PDR,10:04:11,Sell Down,700,27550.0,0.0
PDR,10:04:10,Sell Down,500,27550.0,0.0
PDR,10:04:06,Sell Down,1600,27550.0,0.0
PDR,10:04:04,Sell Down,100,27550.0,0.0
PDR,10:04:04,Sell Down,800,27550.0,0.0
PDR,10:04:04,Sell Down,1000,27550.0,0.0
PDR,10:04:04,Sell Down,1000,27550.0,0.0
PDR,10:04:04,Sell Down,2000,27550.0,0.0
PDR,10:04:04,Sell Down,100,27550.0,0.0
PDR,10:03:52,Sell Down,500,27550.0,0.0
PDR,10:03:52,Sell Down,500,27550.0,0.0
PDR,10:03:52,Sell Down,1000,27550.0,0.0
PDR,10:03:52,Sell Down,100,27550.0,0.0
PDR,10:03:52,Sell Down,100,27550.0,0.0
PDR,10:03:52,Sell Down,400,27550.0,0.0
PDR,10:03:52,Sell Down,500,27550.0,0.0
PDR,10:03:52,Sell Down,1900,27550.0,0.0
PDR,10:03:32,Sell Down,500,27550.0,-50.0
PDR,10:03:31,Buy Up,4100,27600.0,0.0
PDR,10:03:31,Buy Up,200,27600.0,0.0
PDR,10:03:31,Buy Up,100,27600.0,0.0
PDR,10:03:31,Buy Up,100,27600.0,0.0
PDR,10:03:31,Buy Up,300,27600.0,0.0
PDR,10:03:31,Buy Up,200,27600.0,50.0
PDR,10:03:24,Sell Down,600,27550.0,0.0
PDR,10:03:10,Sell Down,6000,27550.0,0.0
PDR,10:03:00,Sell Down,3000,27550.0,-50.0
PDR,10:02:54,Buy Up,500,27600.0,0.0
PDR,10:02:54,Buy Up,1500,27600.0,0.0
PDR,10:02:54,Buy Up,3000,27600.0,50.0
PDR,10:02:44,Sell Down,10000,27550.0,0.0
PDR,10:02:25,Sell Down,300,27550.0,0.0
PDR,10:02:02,Sell Down,200,27550.0,0.0
PDR,10:02:01,Sell Down,300,27550.0,0.0
PDR,10:01:53,Sell Down,2200,27550.0,0.0
PDR,10:01:53,Sell Down,500,27550.0,0.0
PDR,10:01:53,Sell Down,1500,27550.0,0.0
PDR,10:01:53,Sell Down,100,27550.0,0.0
PDR,10:01:53,Sell Down,1400,27550.0,0.0
PDR,10:01:53,Sell Down,1000,27550.0,0.0
PDR,10:01:53,Sell Down,2000,27550.0,0.0
PDR,10:01:53,Sell Down,500,27550.0,0.0
PDR,10:01:53,Sell Down,500,27550.0,0.0
PDR,10:01:53,Sell Down,200,27550.0,0.0
PDR,10:01:53,Sell Down,500,27550.0,0.0
PDR,10:01:53,Sell Down,5000,27550.0,0.0
PDR,10:01:53,Sell Down,100,27550.0,0.0
PDR,10:01:53,Sell Down,500,27550.0,0.0
PDR,10:01:53,Sell Down,800,27550.0,0.0
PDR,10:01:53,Sell Down,300,27550.0,0.0
PDR,10:01:53,Sell Down,1000,27550.0,0.0
PDR,10:01:53,Sell Down,1800,27550.0,0.0
PDR,10:01:53,Sell Down,1000,27550.0,0.0
PDR,10:01:53,Sell Down,500,27550.0,0.0
PDR,10:01:53,Sell Down,200,27550.0,0.0
PDR,10:01:53,Sell Down,100,27550.0,0.0
PDR,10:01:53,Sell Down,100,27550.0,0.0
PDR,10:01:53,Sell Down,10000,27550.0,0.0
PDR,10:01:53,Sell Down,300,27550.0,0.0
PDR,10:01:53,Sell Down,2000,27550.0,0.0
PDR,10:01:53,Sell Down,3000,27550.0,0.0
PDR,10:01:53,Sell Down,500,27550.0,0.0
PDR,10:01:53,Sell Down,2400,27550.0,-50.0
PDR,10:01:49,Buy Up,100,27600.0,0.0
PDR,10:01:48,Buy Up,6000,27600.0,50.0
PDR,10:01:47,Sell Down,700,27550.0,-50.0
PDR,10:01:47,Buy Up,900,27600.0,0.0
PDR,10:01:42,Buy Up,100,27600.0,0.0
PDR,10:01:35,Buy Up,100,27600.0,0.0
PDR,10:01:29,Buy Up,1000,27600.0,0.0
PDR,10:01:28,Buy Up,100,27600.0,0.0
PDR,10:01:27,Buy Up,100,27600.0,0.0
PDR,10:01:27,Buy Up,100,27600.0,0.0
PDR,10:01:27,Buy Up,100,27600.0,0.0
PDR,10:01:20,Buy Up,1000,27600.0,0.0
PDR,10:00:55,Buy Up,1500,27600.0,0.0
PDR,10:00:51,Buy Up,1000,27600.0,0.0
PDR,10:00:47,Buy Up,6100,27600.0,0.0
PDR,10:00:47,Buy Up,2000,27600.0,0.0
PDR,10:00:47,Buy Up,100,27600.0,0.0
PDR,10:00:47,Buy Up,1800,27600.0,0.0
PDR,10:00:46,Buy Up,2000,27600.0,0.0
PDR,10:00:45,Buy Up,2000,27600.0,0.0
PDR,10:00:44,Buy Up,8800,27600.0,0.0
PDR,10:00:44,Buy Up,1200,27600.0,0.0
PDR,10:00:40,Buy Up,100,27600.0,0.0
PDR,10:00:39,Buy Up,800,27600.0,0.0
PDR,10:00:39,Buy Up,700,27600.0,50.0
PDR,10:00:39,Sell Down,700,27550.0,-50.0
PDR,10:00:24,Buy Up,200,27600.0,0.0
PDR,10:00:24,Buy Up,200,27600.0,0.0
PDR,10:00:23,Buy Up,100,27600.0,0.0
PDR,10:00:17,Sell Down,200,27600.0,0.0
PDR,10:00:16,Sell Down,500,27600.0,0.0
PDR,10:00:09,Sell Down,4300,27600.0,0.0
PDR,10:00:09,Sell Down,5000,27600.0,0.0
PDR,10:00:09,Sell Down,1000,27600.0,0.0
PDR,10:00:09,Sell Down,500,27600.0,0.0
PDR,10:00:09,Sell Down,1000,27600.0,0.0
PDR,10:00:09,Sell Down,1000,27600.0,0.0
PDR,10:00:09,Sell Down,700,27600.0,0.0
PDR,10:00:09,Sell Down,5000,27600.0,0.0
PDR,10:00:09,Sell Down,100,27600.0,0.0
PDR,10:00:09,Sell Down,500,27600.0,0.0
PDR,10:00:09,Sell Down,300,27600.0,0.0
PDR,10:00:09,Sell Down,500,27600.0,0.0
PDR,10:00:09,Sell Down,1000,27600.0,0.0
PDR,10:00:09,Sell Down,500,27600.0,0.0
PDR,10:00:09,Sell Down,100,27600.0,0.0
PDR,10:00:09,Sell Down,300,27600.0,0.0
PDR,10:00:09,Sell Down,500,27600.0,0.0
PDR,10:00:09,Sell Down,700,27600.0,0.0
PDR,10:00:09,Sell Down,5000,27600.0,0.0
PDR,10:00:09,Sell Down,1800,27600.0,0.0
PDR,10:00:09,Sell Down,2000,27600.0,0.0
PDR,10:00:09,Sell Down,1000,27600.0,0.0
PDR,10:00:09,Sell Down,500,27600.0,0.0
PDR,10:00:09,Sell Down,1000,27600.0,0.0
PDR,10:00:09,Sell Down,900,27600.0,0.0
PDR,10:00:09,Sell Down,300,27600.0,0.0
PDR,10:00:09,Sell Down,300,27600.0,0.0
PDR,10:00:09,Sell Down,100,27600.0,0.0
PDR,10:00:09,Sell Down,100,27600.0,0.0
PDR,10:00:09,Sell Down,100,27600.0,0.0
PDR,10:00:09,Sell Down,700,27600.0,0.0
PDR,10:00:09,Sell Down,5000,27600.0,0.0
PDR,10:00:09,Sell Down,1000,27600.0,0.0
PDR,10:00:09,Sell Down,300,27600.0,0.0
PDR,10:00:09,Sell Down,9300,27600.0,0.0
PDR,10:00:09,Sell Down,10000,27600.0,0.0
PDR,10:00:09,Sell Down,5000,27600.0,0.0
PDR,10:00:09,Sell Down,1000,27600.0,0.0
PDR,10:00:09,Sell Down,1000,27600.0,0.0
PDR,10:00:09,Sell Down,1400,27600.0,0.0
PDR,10:00:09,Sell Down,100,27600.0,0.0
PDR,10:00:09,Sell Down,1000,27600.0,0.0
PDR,10:00:09,Sell Down,500,27600.0,0.0
PDR,10:00:09,Sell Down,4600,27600.0,0.0
PDR,10:00:09,Sell Down,3000,27600.0,0.0
PDR,10:00:09,Sell Down,1000,27600.0,0.0
PDR,10:00:08,Sell Down,100,27600.0,0.0
PDR,10:00:07,Sell Down,4300,27600.0,0.0
PDR,10:00:07,Sell Down,700,27600.0,0.0
PDR,10:00:06,Sell Down,100,27600.0,0.0
PDR,10:00:01,Sell Down,200,27600.0,0.0
PDR,10:00:01,Sell Down,200,27600.0,0.0
PDR,09:59:56,Sell Down,3000,27600.0,0.0
PDR,09:59:55,Sell Down,1800,27600.0,0.0
PDR,09:59:55,Sell Down,100,27600.0,0.0
PDR,09:59:55,Sell Down,700,27600.0,0.0
PDR,09:59:55,Sell Down,1000,27600.0,0.0
PDR,09:59:55,Sell Down,200,27600.0,0.0
PDR,09:59:47,Sell Down,400,27600.0,0.0
PDR,09:59:47,Sell Down,100,27600.0,0.0
PDR,09:59:38,Sell Down,100,27600.0,0.0
PDR,09:59:32,Sell Down,3000,27600.0,-50.0
PDR,09:59:28,Buy Up,400,27650.0,0.0
PDR,09:59:28,Buy Up,400,27650.0,0.0
PDR,09:59:28,Buy Up,600,27650.0,0.0
PDR,09:59:28,Buy Up,300,27650.0,50.0
PDR,09:59:26,Sell Down,2000,27600.0,-50.0
PDR,09:59:21,Buy Up,100,27650.0,50.0
PDR,09:59:12,Sell Down,4000,27600.0,-50.0
PDR,09:58:52,Buy Up,2000,27650.0,0.0
PDR,09:58:52,Buy Up,2000,27650.0,0.0
PDR,09:58:52,Buy Up,400,27650.0,50.0
PDR,09:58:49,Sell Down,800,27600.0,0.0
PDR,09:58:49,Sell Down,200,27600.0,-50.0
PDR,09:58:43,Buy Up,100,27650.0,0.0
PDR,09:58:42,Buy Up,1000,27650.0,0.0
PDR,09:58:42,Buy Up,4900,27650.0,0.0
PDR,09:58:40,Buy Up,800,27650.0,0.0
PDR,09:58:36,Buy Up,4000,27650.0,0.0
PDR,09:58:27,Buy Up,200,27650.0,0.0
PDR,09:58:23,Buy Up,300,27650.0,0.0
PDR,09:58:21,Buy Up,100,27650.0,0.0
PDR,09:58:14,Buy Up,400,27650.0,0.0
PDR,09:58:07,Buy Up,300,27650.0,0.0
PDR,09:57:52,Buy Up,8100,27650.0,0.0
PDR,09:57:52,Buy Up,600,27650.0,0.0
PDR,09:57:52,Buy Up,1000,27650.0,0.0
PDR,09:57:52,Buy Up,100,27650.0,0.0
PDR,09:57:52,Buy Up,200,27650.0,50.0
PDR,09:57:49,Sell Down,100,27600.0,0.0
PDR,09:57:49,Sell Down,200,27600.0,0.0
PDR,09:57:49,Sell Down,100,27600.0,0.0
PDR,09:57:49,Sell Down,100,27600.0,0.0
PDR,09:57:49,Sell Down,300,27600.0,0.0
PDR,09:57:49,Sell Down,1000,27600.0,0.0
PDR,09:57:49,Sell Down,500,27600.0,-50.0
PDR,09:57:46,Buy Up,1000,27650.0,50.0
PDR,09:57:37,Sell Down,1000,27600.0,0.0
PDR,09:57:31,Sell Down,500,27600.0,-50.0
PDR,09:57:16,Buy Up,900,27650.0,0.0
PDR,09:57:06,Buy Up,1500,27650.0,0.0
PDR,09:57:05,Buy Up,200,27650.0,0.0
PDR,09:56:53,Buy Up,600,27650.0,0.0
PDR,09:56:53,Buy Up,900,27650.0,0.0
PDR,09:56:48,Buy Up,2500,27650.0,0.0
PDR,09:56:43,Buy Up,500,27650.0,0.0
PDR,09:56:43,Buy Up,400,27650.0,0.0
PDR,09:56:38,Buy Up,100,27650.0,0.0
PDR,09:56:38,Buy Up,600,27650.0,0.0
PDR,09:56:38,Buy Up,100,27650.0,0.0
PDR,09:56:37,Buy Up,200,27650.0,0.0
PDR,09:56:33,Buy Up,100,27650.0,0.0
PDR,09:56:32,Sell Down,300,27650.0,0.0
PDR,09:56:32,Sell Down,300,27650.0,0.0
PDR,09:56:29,Sell Down,700,27650.0,0.0
PDR,09:56:27,Buy Up,3000,27650.0,0.0
PDR,09:56:27,Buy Up,300,27650.0,0.0
PDR,09:56:27,Buy Up,1000,27650.0,0.0
PDR,09:56:26,Sell Down,500,27650.0,0.0
PDR,09:56:26,Buy Up,7300,27650.0,0.0
PDR,09:56:26,Buy Up,300,27650.0,0.0
PDR,09:56:26,Buy Up,1000,27650.0,0.0
PDR,09:56:26,Buy Up,1000,27650.0,0.0
PDR,09:56:26,Buy Up,5000,27650.0,0.0
PDR,09:56:26,Buy Up,100,27650.0,0.0
PDR,09:56:26,Buy Up,1500,27650.0,0.0
PDR,09:56:26,Buy Up,2300,27650.0,0.0
PDR,09:56:23,Buy Up,900,27650.0,0.0
PDR,09:56:13,Buy Up,500,27650.0,0.0
PDR,09:56:11,Buy Up,1300,27650.0,0.0
PDR,09:56:11,Buy Up,2000,27650.0,0.0
PDR,09:56:10,Buy Up,300,27650.0,0.0
PDR,09:56:10,Buy Up,3000,27650.0,0.0
PDR,09:56:10,Buy Up,100,27650.0,0.0
PDR,09:56:10,Buy Up,1000,27650.0,0.0
PDR,09:56:10,Buy Up,100,27650.0,0.0
PDR,09:56:10,Buy Up,400,27650.0,0.0
PDR,09:56:10,Buy Up,5100,27650.0,0.0
PDR,09:56:09,Buy Up,500,27650.0,0.0
PDR,09:56:08,Buy Up,5000,27650.0,0.0
PDR,09:56:02,Buy Up,3000,27650.0,50.0
PDR,09:56:00,Sell Down,1000,27600.0,0.0
PDR,09:55:58,Sell Down,700,27600.0,-50.0
PDR,09:55:58,Buy Up,1000,27650.0,0.0
PDR,09:55:58,Buy Up,100,27650.0,0.0
PDR,09:55:58,Buy Up,1500,27650.0,0.0
PDR,09:55:58,Buy Up,400,27650.0,0.0
PDR,09:55:56,Buy Up,600,27650.0,0.0
PDR,09:55:54,Buy Up,400,27650.0,0.0
PDR,09:55:50,Buy Up,300,27650.0,0.0
PDR,09:55:50,Buy Up,200,27650.0,0.0
PDR,09:55:47,Buy Up,600,27650.0,0.0
PDR,09:55:47,Buy Up,100,27650.0,0.0
PDR,09:55:47,Buy Up,300,27650.0,0.0
PDR,09:55:45,Buy Up,700,27650.0,0.0
PDR,09:55:45,Buy Up,1000,27650.0,0.0
PDR,09:55:45,Buy Up,300,27650.0,0.0
PDR,09:55:43,Buy Up,2000,27650.0,0.0
PDR,09:55:43,Buy Up,1000,27650.0,0.0
PDR,09:55:43,Buy Up,10000,27650.0,0.0
PDR,09:55:43,Buy Up,2000,27650.0,0.0
PDR,09:55:43,Buy Up,2000,27650.0,0.0
PDR,09:55:43,Buy Up,2000,27650.0,0.0
PDR,09:55:43,Buy Up,200,27650.0,0.0
PDR,09:55:43,Buy Up,5800,27650.0,0.0
PDR,09:55:34,Buy Up,100,27650.0,0.0
PDR,09:55:34,Buy Up,4200,27650.0,0.0
PDR,09:55:34,Buy Up,1000,27650.0,0.0
PDR,09:55:34,Buy Up,100,27650.0,0.0
PDR,09:55:34,Buy Up,100,27650.0,0.0
PDR,09:55:34,Buy Up,5000,27650.0,0.0
PDR,09:55:34,Buy Up,2000,27650.0,0.0
PDR,09:55:34,Buy Up,100,27650.0,0.0
PDR,09:55:34,Buy Up,300,27650.0,0.0
PDR,09:55:34,Buy Up,1000,27650.0,0.0
PDR,09:55:34,Buy Up,500,27650.0,0.0
PDR,09:55:34,Buy Up,1000,27650.0,0.0
PDR,09:55:34,Buy Up,1000,27650.0,0.0
PDR,09:55:34,Buy Up,600,27650.0,0.0
PDR,09:55:34,Buy Up,800,27650.0,0.0
PDR,09:55:34,Buy Up,500,27650.0,0.0
PDR,09:55:34,Buy Up,8700,27650.0,50.0
PDR,09:55:29,Sell Down,200,27600.0,-50.0
PDR,09:55:20,Buy Up,1300,27650.0,0.0
PDR,09:55:20,Buy Up,500,27650.0,0.0
PDR,09:55:20,Buy Up,200,27650.0,0.0
PDR,09:55:20,Buy Up,2000,27650.0,0.0
PDR,09:55:19,Buy Up,200,27650.0,0.0
PDR,09:55:16,Buy Up,3000,27650.0,0.0
PDR,09:55:13,Buy Up,400,27650.0,0.0
PDR,09:55:13,Buy Up,2000,27650.0,0.0
PDR,09:55:13,Buy Up,100,27650.0,0.0
PDR,09:55:13,Buy Up,1000,27650.0,0.0
PDR,09:55:13,Buy Up,2000,27650.0,0.0
PDR,09:55:13,Buy Up,300,27650.0,0.0
PDR,09:55:13,Buy Up,200,27650.0,50.0
PDR,09:55:12,Sell Down,100,27600.0,-50.0
PDR,09:55:11,Buy Up,100,27650.0,0.0
PDR,09:55:07,Buy Up,200,27650.0,0.0
PDR,09:55:07,Buy Up,100,27650.0,0.0
PDR,09:55:07,Buy Up,100,27650.0,0.0
PDR,09:55:07,Buy Up,600,27650.0,0.0
PDR,09:55:05,Buy Up,1000,27650.0,0.0
PDR,09:55:05,Buy Up,800,27650.0,0.0
PDR,09:55:05,Buy Up,300,27650.0,0.0
PDR,09:55:05,Buy Up,500,27650.0,0.0
PDR,09:55:05,Buy Up,100,27650.0,0.0
PDR,09:55:05,Buy Up,300,27650.0,0.0
PDR,09:55:05,Buy Up,100,27650.0,0.0
PDR,09:55:05,Buy Up,2000,27650.0,0.0
PDR,09:55:05,Buy Up,1500,27650.0,0.0
PDR,09:55:05,Buy Up,200,27650.0,0.0
PDR,09:55:05,Buy Up,1000,27650.0,0.0
PDR,09:55:05,Buy Up,400,27650.0,0.0
PDR,09:55:05,Buy Up,100,27650.0,0.0
PDR,09:55:05,Buy Up,100,27650.0,0.0
PDR,09:55:05,Buy Up,500,27650.0,0.0
PDR,09:55:05,Buy Up,100,27650.0,0.0
PDR,09:54:56,Buy Up,1000,27650.0,0.0
PDR,09:54:48,Buy Up,200,27650.0,0.0
PDR,09:54:48,Buy Up,800,27650.0,0.0
PDR,09:54:34,Buy Up,100,27650.0,50.0
PDR,09:54:30,Sell Down,400,27600.0,0.0
PDR,09:54:30,Sell Down,600,27600.0,-50.0
PDR,09:54:28,Buy Up,100,27650.0,0.0
PDR,09:54:28,Buy Up,1000,27650.0,0.0
PDR,09:54:28,Buy Up,5000,27650.0,0.0
PDR,09:54:28,Buy Up,900,27650.0,0.0
PDR,09:54:28,Buy Up,1000,27650.0,0.0
PDR,09:54:23,Buy Up,3000,27650.0,50.0
PDR,09:54:22,Sell Down,300,27600.0,-50.0
PDR,09:54:21,Buy Up,100,27650.0,0.0
PDR,09:54:18,Buy Up,200,27650.0,0.0
PDR,09:54:06,Buy Up,800,27650.0,0.0
PDR,09:54:06,Buy Up,100,27650.0,0.0
PDR,09:54:06,Buy Up,1100,27650.0,0.0
PDR,09:54:02,Buy Up,500,27650.0,0.0
PDR,09:53:45,Buy Up,300,27650.0,0.0
PDR,09:53:42,Buy Up,100,27650.0,0.0
PDR,09:53:42,Buy Up,200,27650.0,0.0
PDR,09:53:34,Buy Up,5000,27650.0,50.0
PDR,09:53:34,Sell Down,200,27600.0,-50.0
PDR,09:53:33,Buy Up,2000,27650.0,50.0
PDR,09:53:24,Sell Down,1000,27600.0,0.0
PDR,09:53:21,Sell Down,2500,27600.0,0.0
PDR,09:53:15,Sell Down,500,27600.0,0.0
PDR,09:53:07,Sell Down,400,27600.0,0.0
PDR,09:53:05,Sell Down,100,27600.0,0.0
PDR,09:53:00,Sell Down,100,27600.0,0.0
PDR,09:52:49,Sell Down,500,27600.0,0.0
PDR,09:52:22,Sell Down,500,27600.0,0.0
PDR,09:52:19,Sell Down,2000,27600.0,0.0
PDR,09:52:16,Sell Down,500,27600.0,0.0
PDR,09:52:11,Sell Down,800,27600.0,0.0
