ticker,time,orderType,volume,price,prevPriceChange
DXG,10:45:28,Buy Up,100,19250.0,50.0
DXG,10:45:18,Sell Down,1000,19200.0,-50.0
DXG,10:45:06,Buy Up,100,19250.0,50.0
DXG,10:45:01,Sell Down,100,19200.0,0.0
DXG,10:45:01,Sell Down,400,19200.0,0.0
DXG,10:45:01,Sell Down,100,19200.0,0.0
DXG,10:45:01,Sell Down,800,19200.0,-50.0
DXG,10:44:53,Buy Up,200,19250.0,0.0
DXG,10:44:53,Buy Up,100,19250.0,0.0
DXG,10:44:34,Buy Up,2200,19250.0,50.0
DXG,10:44:32,Sell Down,1000,19200.0,0.0
DXG,10:44:32,Sell Down,200,19200.0,0.0
DXG,10:44:32,Sell Down,500,19200.0,0.0
DXG,10:44:32,Sell Down,3500,19200.0,0.0
DXG,10:44:32,Sell Down,500,19200.0,0.0
DXG,10:44:32,Sell Down,200,19200.0,0.0
DXG,10:44:32,Sell Down,100,19200.0,0.0
DXG,10:44:32,Sell Down,2000,19200.0,0.0
DXG,10:44:32,Sell Down,100,19200.0,0.0
DXG,10:44:32,Sell Down,100,19200.0,0.0
DXG,10:44:32,Sell Down,2800,19200.0,0.0
DXG,10:44:31,Sell Down,300,19200.0,0.0
DXG,10:44:28,Sell Down,1000,19200.0,0.0
DXG,10:44:18,Sell Down,900,19200.0,0.0
DXG,10:44:18,Sell Down,500,19200.0,0.0
DXG,10:43:57,Sell Down,500,19200.0,0.0
DXG,10:43:57,Sell Down,100,19200.0,0.0
DXG,10:43:57,Sell Down,800,19200.0,0.0
DXG,10:43:57,Sell Down,100,19200.0,0.0
DXG,10:43:57,Sell Down,100,19200.0,0.0
DXG,10:43:57,Sell Down,100,19200.0,0.0
DXG,10:43:57,Sell Down,100,19200.0,0.0
DXG,10:43:57,Sell Down,200,19200.0,0.0
DXG,10:43:57,Sell Down,2000,19200.0,0.0
DXG,10:43:57,Sell Down,100,19200.0,0.0
DXG,10:43:57,Sell Down,900,19200.0,0.0
DXG,10:43:54,Sell Down,100,19200.0,0.0
DXG,10:43:54,Sell Down,200,19200.0,0.0
DXG,10:43:54,Sell Down,3200,19200.0,0.0
DXG,10:43:54,Sell Down,300,19200.0,0.0
DXG,10:43:54,Sell Down,200,19200.0,0.0
DXG,10:43:54,Sell Down,1000,19200.0,0.0
DXG,10:43:54,Sell Down,300,19200.0,0.0
DXG,10:43:54,Sell Down,1600,19200.0,0.0
DXG,10:43:54,Sell Down,100,19200.0,0.0
DXG,10:43:39,Sell Down,3700,19200.0,0.0
DXG,10:43:39,Sell Down,500,19200.0,0.0
DXG,10:43:39,Sell Down,500,19200.0,0.0
DXG,10:43:39,Sell Down,200,19200.0,0.0
DXG,10:43:39,Sell Down,100,19200.0,0.0
DXG,10:43:37,Sell Down,200,19200.0,0.0
DXG,10:43:37,Sell Down,700,19200.0,0.0
DXG,10:43:37,Sell Down,100,19200.0,0.0
DXG,10:43:37,Sell Down,700,19200.0,0.0
DXG,10:43:25,Sell Down,1800,19200.0,0.0
DXG,10:43:25,Sell Down,100,19200.0,0.0
DXG,10:43:25,Sell Down,1000,19200.0,0.0
DXG,10:43:25,Sell Down,7100,19200.0,0.0
DXG,10:43:18,Sell Down,18000,19200.0,0.0
DXG,10:43:06,Sell Down,100,19200.0,0.0
DXG,10:43:06,Sell Down,1000,19200.0,0.0
DXG,10:43:00,Sell Down,5000,19200.0,0.0
DXG,10:42:59,Sell Down,500,19200.0,0.0
DXG,10:42:54,Sell Down,1700,19200.0,0.0
DXG,10:42:41,Sell Down,100,19200.0,0.0
DXG,10:42:03,Sell Down,1600,19200.0,0.0
DXG,10:42:01,Sell Down,500,19200.0,0.0
DXG,10:41:20,Sell Down,4400,19200.0,0.0
DXG,10:41:20,Sell Down,1100,19200.0,0.0
DXG,10:41:19,Sell Down,2000,19200.0,0.0
DXG,10:41:18,Sell Down,1400,19200.0,0.0
DXG,10:41:09,Sell Down,300,19200.0,0.0
DXG,10:41:09,Sell Down,3500,19200.0,0.0
DXG,10:41:09,Sell Down,500,19200.0,0.0
DXG,10:41:09,Sell Down,200,19200.0,0.0
DXG,10:41:09,Sell Down,500,19200.0,0.0
DXG,10:40:59,Sell Down,1000,19200.0,0.0
DXG,10:40:59,Sell Down,100,19200.0,0.0
DXG,10:40:59,Sell Down,200,19200.0,0.0
DXG,10:40:45,Sell Down,1500,19200.0,0.0
DXG,10:40:43,Sell Down,1300,19200.0,0.0
DXG,10:40:43,Sell Down,1000,19200.0,0.0
DXG,10:40:43,Sell Down,4000,19200.0,0.0
DXG,10:40:43,Sell Down,300,19200.0,0.0
DXG,10:40:43,Sell Down,500,19200.0,0.0
DXG,10:40:43,Sell Down,200,19200.0,0.0
DXG,10:40:43,Sell Down,2000,19200.0,0.0
DXG,10:40:43,Sell Down,4000,19200.0,0.0
DXG,10:40:43,Sell Down,500,19200.0,0.0
DXG,10:40:43,Sell Down,2600,19200.0,0.0
DXG,10:40:43,Sell Down,3000,19200.0,0.0
DXG,10:40:43,Sell Down,100,19200.0,0.0
DXG,10:40:43,Sell Down,300,19200.0,0.0
DXG,10:40:43,Sell Down,200,19200.0,0.0
DXG,10:40:38,Sell Down,800,19200.0,0.0
DXG,10:40:38,Sell Down,1000,19200.0,0.0
DXG,10:40:38,Sell Down,2000,19200.0,0.0
DXG,10:40:38,Sell Down,400,19200.0,0.0
DXG,10:40:38,Sell Down,1000,19200.0,0.0
DXG,10:40:38,Sell Down,200,19200.0,0.0
DXG,10:40:38,Sell Down,600,19200.0,0.0
DXG,10:40:38,Sell Down,500,19200.0,0.0
DXG,10:40:38,Sell Down,3500,19200.0,0.0
DXG,10:40:35,Sell Down,1400,19200.0,0.0
DXG,10:40:35,Sell Down,100,19200.0,0.0
DXG,10:40:35,Sell Down,1000,19200.0,0.0
DXG,10:40:35,Sell Down,300,19200.0,0.0
DXG,10:40:35,Sell Down,500,19200.0,0.0
DXG,10:40:35,Sell Down,100,19200.0,0.0
DXG,10:40:35,Sell Down,100,19200.0,0.0
DXG,10:40:35,Sell Down,2000,19200.0,0.0
DXG,10:40:35,Sell Down,10000,19200.0,0.0
DXG,10:40:35,Sell Down,3000,19200.0,0.0
DXG,10:40:35,Sell Down,300,19200.0,0.0
DXG,10:40:35,Sell Down,100,19200.0,0.0
DXG,10:40:35,Sell Down,200,19200.0,0.0
DXG,10:40:35,Sell Down,2000,19200.0,0.0
DXG,10:40:35,Sell Down,300,19200.0,0.0
DXG,10:40:10,Sell Down,500,19200.0,0.0
DXG,10:40:10,Sell Down,700,19200.0,0.0
DXG,10:40:10,Sell Down,200,19200.0,0.0
DXG,10:40:10,Sell Down,200,19200.0,0.0
DXG,10:40:10,Sell Down,200,19200.0,0.0
DXG,10:40:10,Sell Down,400,19200.0,0.0
DXG,10:40:10,Sell Down,200,19200.0,0.0
DXG,10:40:10,Sell Down,1000,19200.0,0.0
DXG,10:40:10,Sell Down,100,19200.0,0.0
DXG,10:40:10,Sell Down,500,19200.0,0.0
DXG,10:40:10,Sell Down,1000,19200.0,0.0
DXG,10:40:10,Sell Down,300,19200.0,0.0
DXG,10:40:10,Sell Down,2000,19200.0,0.0
DXG,10:40:10,Sell Down,1000,19200.0,0.0
DXG,10:40:10,Sell Down,1000,19200.0,0.0
DXG,10:40:10,Sell Down,3200,19200.0,0.0
DXG,10:40:10,Sell Down,1000,19200.0,0.0
DXG,10:40:10,Sell Down,200,19200.0,0.0
DXG,10:40:10,Sell Down,1000,19200.0,0.0
DXG,10:40:10,Sell Down,100,19200.0,0.0
DXG,10:40:10,Sell Down,200,19200.0,0.0
DXG,10:39:56,Sell Down,400,19200.0,0.0
DXG,10:39:56,Sell Down,100,19200.0,0.0
DXG,10:39:53,Sell Down,900,19200.0,0.0
DXG,10:39:53,Sell Down,300,19200.0,0.0
DXG,10:39:53,Sell Down,400,19200.0,-50.0
DXG,10:39:37,Buy Up,100,19250.0,0.0
DXG,10:39:28,Buy Up,500,19250.0,50.0
DXG,10:39:28,Sell Down,600,19200.0,0.0
DXG,10:39:28,Sell Down,5000,19200.0,0.0
DXG,10:39:28,Sell Down,2000,19200.0,0.0
DXG,10:39:22,Sell Down,200,19200.0,0.0
DXG,10:39:22,Sell Down,500,19200.0,0.0
DXG,10:39:22,Sell Down,200,19200.0,0.0
DXG,10:39:21,Sell Down,1000,19200.0,0.0
DXG,10:39:21,Sell Down,100,19200.0,0.0
DXG,10:39:21,Sell Down,500,19200.0,0.0
DXG,10:39:21,Sell Down,100,19200.0,0.0
DXG,10:39:21,Sell Down,15000,19200.0,0.0
DXG,10:39:21,Sell Down,5000,19200.0,0.0
DXG,10:39:21,Sell Down,1400,19200.0,-50.0
DXG,10:39:19,Buy Up,1200,19250.0,0.0
DXG,10:39:19,Buy Up,500,19250.0,0.0
DXG,10:39:19,Buy Up,500,19250.0,0.0
DXG,10:39:19,Buy Up,100,19250.0,0.0
DXG,10:39:19,Buy Up,1500,19250.0,0.0
DXG,10:39:19,Buy Up,1200,19250.0,50.0
DXG,10:39:09,Sell Down,1500,19200.0,0.0
DXG,10:38:24,Sell Down,1400,19200.0,-50.0
DXG,10:38:20,Buy Up,500,19250.0,0.0
DXG,10:38:15,Buy Up,200,19250.0,0.0
DXG,10:37:56,Buy Up,100,19250.0,0.0
DXG,10:37:46,Buy Up,100,19250.0,50.0
DXG,10:37:42,Sell Down,700,19200.0,0.0
DXG,10:37:42,Sell Down,1000,19200.0,-50.0
DXG,10:37:42,Buy Up,200,19250.0,0.0
DXG,10:37:22,Buy Up,300,19250.0,0.0
DXG,10:36:51,Buy Up,400,19250.0,0.0
DXG,10:36:50,Sell Down,900,19250.0,0.0
DXG,10:36:50,Sell Down,100,19250.0,0.0
DXG,10:36:41,Sell Down,100,19250.0,0.0
DXG,10:36:40,Buy Up,100,19250.0,0.0
DXG,10:36:40,Buy Up,400,19250.0,0.0
DXG,10:36:40,Buy Up,4000,19250.0,0.0
DXG,10:36:40,Buy Up,2600,19250.0,0.0
DXG,10:36:40,Buy Up,1400,19250.0,0.0
DXG,10:36:40,Buy Up,200,19250.0,0.0
DXG,10:36:40,Buy Up,1000,19250.0,0.0
DXG,10:36:40,Buy Up,200,19250.0,0.0
DXG,10:36:40,Buy Up,300,19250.0,0.0
DXG,10:36:40,Buy Up,3000,19250.0,0.0
DXG,10:36:40,Buy Up,2000,19250.0,0.0
DXG,10:36:40,Buy Up,1000,19250.0,0.0
DXG,10:36:40,Buy Up,1000,19250.0,0.0
DXG,10:36:40,Buy Up,500,19250.0,0.0
DXG,10:36:40,Buy Up,4000,19250.0,0.0
DXG,10:36:40,Buy Up,700,19250.0,0.0
DXG,10:36:40,Sell Down,2500,19250.0,0.0
DXG,10:36:40,Sell Down,100,19250.0,0.0
DXG,10:36:40,Sell Down,800,19250.0,0.0
DXG,10:36:40,Sell Down,100,19250.0,0.0
DXG,10:36:40,Sell Down,200,19250.0,0.0
DXG,10:36:40,Sell Down,200,19250.0,0.0
DXG,10:36:40,Sell Down,300,19250.0,0.0
DXG,10:36:40,Sell Down,200,19250.0,0.0
DXG,10:36:40,Sell Down,200,19250.0,0.0
DXG,10:36:40,Sell Down,200,19250.0,0.0
DXG,10:36:40,Sell Down,500,19250.0,0.0
DXG,10:36:40,Sell Down,1000,19250.0,0.0
DXG,10:36:40,Sell Down,1000,19250.0,0.0
DXG,10:36:40,Sell Down,1000,19250.0,0.0
DXG,10:36:40,Sell Down,2000,19250.0,0.0
DXG,10:36:40,Sell Down,500,19250.0,0.0
DXG,10:36:40,Sell Down,600,19250.0,0.0
DXG,10:36:40,Sell Down,100,19250.0,0.0
DXG,10:36:40,Sell Down,100,19250.0,0.0
DXG,10:36:40,Sell Down,100,19250.0,0.0
DXG,10:36:40,Sell Down,100,19250.0,0.0
DXG,10:36:40,Sell Down,200,19250.0,0.0
DXG,10:36:40,Sell Down,200,19250.0,0.0
DXG,10:36:40,Sell Down,1000,19250.0,0.0
DXG,10:36:40,Sell Down,100,19250.0,0.0
DXG,10:36:40,Sell Down,1000,19250.0,0.0
DXG,10:36:40,Sell Down,2100,19250.0,0.0
DXG,10:36:40,Sell Down,1000,19250.0,0.0
DXG,10:36:40,Sell Down,300,19250.0,0.0
DXG,10:36:40,Sell Down,100000,19250.0,0.0
DXG,10:36:40,Sell Down,1500,19250.0,0.0
DXG,10:36:40,Sell Down,100,19250.0,0.0
DXG,10:36:40,Sell Down,500,19250.0,0.0
DXG,10:36:40,Sell Down,16300,19250.0,0.0
DXG,10:36:29,Sell Down,300,19250.0,-50.0
DXG,10:36:24,Buy Up,200,19300.0,50.0
DXG,10:36:19,Sell Down,3400,19250.0,0.0
DXG,10:36:19,Sell Down,300,19250.0,0.0
DXG,10:36:19,Sell Down,1300,19250.0,0.0
DXG,10:36:13,Sell Down,100,19250.0,0.0
DXG,10:36:11,Sell Down,600,19250.0,0.0
DXG,10:36:11,Sell Down,400,19250.0,0.0
DXG,10:36:08,Sell Down,1500,19250.0,0.0
DXG,10:35:56,Sell Down,100,19250.0,0.0
DXG,10:35:52,Sell Down,500,19250.0,0.0
DXG,10:35:52,Sell Down,2600,19250.0,0.0
DXG,10:35:52,Sell Down,1400,19250.0,0.0
DXG,10:35:52,Sell Down,500,19250.0,0.0
DXG,10:35:52,Sell Down,1000,19250.0,0.0
DXG,10:35:52,Sell Down,2000,19250.0,0.0
DXG,10:35:52,Sell Down,100,19250.0,0.0
DXG,10:35:52,Sell Down,1000,19250.0,0.0
DXG,10:35:52,Sell Down,100,19250.0,0.0
DXG,10:35:52,Sell Down,500,19250.0,0.0
DXG,10:35:52,Sell Down,300,19250.0,0.0
DXG,10:35:50,Sell Down,500,19250.0,0.0
DXG,10:35:45,Sell Down,200,19250.0,0.0
DXG,10:35:45,Sell Down,200,19250.0,0.0
DXG,10:35:45,Sell Down,100,19250.0,0.0
DXG,10:35:45,Sell Down,100,19250.0,0.0
DXG,10:35:45,Sell Down,500,19250.0,0.0
DXG,10:35:45,Sell Down,10300,19250.0,0.0
DXG,10:35:45,Sell Down,1000,19250.0,0.0
DXG,10:35:45,Sell Down,500,19250.0,0.0
DXG,10:35:45,Sell Down,100,19250.0,0.0
DXG,10:35:45,Sell Down,200,19250.0,0.0
DXG,10:35:45,Sell Down,2000,19250.0,0.0
DXG,10:35:45,Sell Down,200,19250.0,0.0
DXG,10:35:45,Sell Down,200,19250.0,0.0
DXG,10:35:45,Sell Down,100,19250.0,0.0
DXG,10:35:45,Sell Down,1500,19250.0,0.0
DXG,10:35:45,Sell Down,5000,19250.0,0.0
DXG,10:35:45,Sell Down,400,19250.0,0.0
DXG,10:35:45,Sell Down,500,19250.0,0.0
DXG,10:35:45,Sell Down,1300,19250.0,0.0
DXG,10:35:42,Sell Down,200,19250.0,0.0
DXG,10:35:37,Sell Down,800,19250.0,0.0
DXG,10:35:26,Sell Down,100,19250.0,0.0
DXG,10:35:25,Sell Down,600,19250.0,0.0
DXG,10:35:25,Sell Down,100,19250.0,0.0
DXG,10:35:25,Sell Down,100,19250.0,0.0
DXG,10:35:25,Sell Down,100,19250.0,0.0
DXG,10:35:25,Sell Down,100,19250.0,0.0
DXG,10:35:25,Sell Down,500,19250.0,0.0
DXG,10:35:24,Sell Down,200,19250.0,0.0
DXG,10:35:14,Sell Down,500,19250.0,0.0
DXG,10:35:14,Sell Down,100,19250.0,0.0
DXG,10:35:14,Sell Down,100,19250.0,0.0
DXG,10:35:14,Sell Down,100,19250.0,0.0
DXG,10:35:01,Sell Down,200,19250.0,0.0
DXG,10:35:01,Sell Down,100,19250.0,0.0
DXG,10:35:01,Sell Down,100,19250.0,0.0
DXG,10:35:01,Sell Down,100,19250.0,0.0
DXG,10:35:01,Sell Down,300,19250.0,0.0
DXG,10:35:01,Sell Down,100,19250.0,0.0
DXG,10:35:01,Sell Down,100,19250.0,0.0
DXG,10:35:01,Sell Down,2000,19250.0,0.0
DXG,10:35:01,Sell Down,100,19250.0,0.0
DXG,10:35:01,Sell Down,200,19250.0,0.0
DXG,10:35:01,Sell Down,100,19250.0,0.0
DXG,10:35:01,Sell Down,1000,19250.0,0.0
DXG,10:35:01,Sell Down,200,19250.0,0.0
DXG,10:35:01,Sell Down,1600,19250.0,0.0
DXG,10:35:01,Sell Down,700,19250.0,0.0
DXG,10:35:01,Sell Down,500,19250.0,0.0
DXG,10:35:01,Sell Down,600,19250.0,0.0
DXG,10:34:47,Sell Down,5000,19250.0,0.0
DXG,10:34:47,Sell Down,400,19250.0,0.0
DXG,10:34:47,Sell Down,500,19250.0,0.0
DXG,10:34:47,Sell Down,500,19250.0,0.0
DXG,10:34:47,Sell Down,1000,19250.0,0.0
DXG,10:34:47,Sell Down,1000,19250.0,0.0
DXG,10:34:47,Sell Down,1600,19250.0,0.0
DXG,10:34:41,Sell Down,1400,19250.0,0.0
DXG,10:34:17,Sell Down,1000,19250.0,0.0
DXG,10:34:05,Sell Down,300,19250.0,0.0
DXG,10:33:59,Sell Down,1400,19250.0,0.0
DXG,10:33:49,Sell Down,300,19250.0,0.0
DXG,10:33:49,Sell Down,1000,19250.0,0.0
DXG,10:33:49,Sell Down,100,19250.0,0.0
DXG,10:33:49,Sell Down,800,19250.0,0.0
DXG,10:33:49,Sell Down,5000,19250.0,0.0
DXG,10:33:49,Sell Down,1000,19250.0,0.0
DXG,10:33:49,Sell Down,1800,19250.0,-50.0
DXG,10:33:42,Buy Up,2000,19300.0,50.0
DXG,10:33:40,Sell Down,200,19250.0,0.0
DXG,10:33:40,Sell Down,1200,19250.0,0.0
DXG,10:33:40,Sell Down,3600,19250.0,0.0
DXG,10:33:36,Sell Down,3000,19250.0,-50.0
DXG,10:33:35,Buy Up,100,19300.0,0.0
DXG,10:33:30,Buy Up,200,19300.0,50.0
DXG,10:33:28,Sell Down,3400,19250.0,0.0
DXG,10:33:28,Sell Down,200,19250.0,0.0
DXG,10:33:28,Sell Down,5000,19250.0,0.0
DXG,10:33:28,Sell Down,200,19250.0,0.0
DXG,10:33:28,Sell Down,1200,19250.0,0.0
DXG,10:33:17,Sell Down,1500,19250.0,0.0
DXG,10:32:51,Sell Down,2300,19250.0,0.0
DXG,10:32:51,Sell Down,400,19250.0,0.0
DXG,10:32:51,Sell Down,2300,19250.0,-50.0
DXG,10:32:49,Buy Up,100,19300.0,50.0
DXG,10:32:39,Sell Down,300,19250.0,0.0
DXG,10:32:34,Sell Down,1400,19250.0,0.0
DXG,10:32:08,Sell Down,700,19250.0,0.0
DXG,10:31:52,Sell Down,300,19250.0,0.0
DXG,10:31:52,Sell Down,500,19250.0,0.0
DXG,10:31:52,Sell Down,700,19250.0,0.0
DXG,10:31:41,Sell Down,300,19250.0,0.0
DXG,10:31:41,Sell Down,100,19250.0,0.0
DXG,10:31:41,Sell Down,400,19250.0,0.0
DXG,10:31:41,Sell Down,200,19250.0,0.0
DXG,10:31:41,Sell Down,500,19250.0,0.0
DXG,10:31:41,Sell Down,300,19250.0,0.0
DXG,10:31:41,Sell Down,1000,19250.0,0.0
DXG,10:31:41,Sell Down,300,19250.0,0.0
DXG,10:31:41,Sell Down,5000,19250.0,0.0
DXG,10:31:41,Sell Down,2000,19250.0,0.0
DXG,10:31:41,Sell Down,100,19250.0,0.0
DXG,10:31:41,Sell Down,300,19250.0,0.0
DXG,10:31:41,Sell Down,5000,19250.0,0.0
DXG,10:31:41,Sell Down,100,19250.0,0.0
DXG,10:31:41,Sell Down,100,19250.0,0.0
DXG,10:31:41,Sell Down,14300,19250.0,0.0
DXG,10:31:12,Sell Down,15700,19250.0,0.0
DXG,10:31:12,Sell Down,100,19250.0,0.0
DXG,10:31:12,Sell Down,100,19250.0,0.0
DXG,10:31:12,Sell Down,200,19250.0,0.0
DXG,10:31:12,Sell Down,1000,19250.0,0.0
DXG,10:31:12,Sell Down,200,19250.0,0.0
DXG,10:31:12,Sell Down,200,19250.0,0.0
DXG,10:31:12,Sell Down,1000,19250.0,0.0
DXG,10:31:12,Sell Down,500,19250.0,0.0
DXG,10:31:12,Sell Down,1000,19250.0,0.0
DXG,10:31:09,Sell Down,1400,19250.0,-50.0
DXG,10:30:56,Buy Up,100,19300.0,0.0
DXG,10:30:52,Buy Up,200,19300.0,0.0
DXG,10:30:42,Buy Up,1000,19300.0,50.0
DXG,10:30:27,Sell Down,1600,19250.0,-50.0
DXG,10:30:18,Buy Up,100,19300.0,0.0
DXG,10:30:08,Buy Up,200,19300.0,50.0
DXG,10:29:54,Sell Down,100,19250.0,0.0
DXG,10:29:43,Sell Down,1400,19250.0,0.0
DXG,10:29:33,Sell Down,3500,19250.0,0.0
DXG,10:29:31,Sell Down,100,19250.0,-50.0
DXG,10:29:00,Buy Up,2200,19300.0,50.0
DXG,10:29:00,Sell Down,900,19250.0,0.0
DXG,10:29:00,Sell Down,200,19250.0,0.0
DXG,10:29:00,Sell Down,500,19250.0,-50.0
DXG,10:28:38,Buy Up,500,19300.0,50.0
DXG,10:28:31,Sell Down,1000,19250.0,0.0
DXG,10:28:17,Sell Down,200,19250.0,0.0
DXG,10:28:15,Sell Down,1500,19250.0,0.0
DXG,10:28:01,Sell Down,1100,19250.0,0.0
DXG,10:28:00,Sell Down,2000,19250.0,-50.0
DXG,10:27:53,Buy Up,1000,19300.0,50.0
DXG,10:27:33,Sell Down,700,19250.0,0.0
DXG,10:27:30,Sell Down,1500,19250.0,0.0
DXG,10:27:22,Sell Down,21600,19250.0,-50.0
DXG,10:27:15,Buy Up,1000,19300.0,0.0
DXG,10:27:13,Buy Up,1800,19300.0,0.0
DXG,10:27:13,Buy Up,200,19300.0,0.0
DXG,10:27:05,Buy Up,1000,19300.0,0.0
DXG,10:27:05,Buy Up,100,19300.0,50.0
DXG,10:26:47,Sell Down,1400,19250.0,0.0
DXG,10:26:38,Sell Down,500,19250.0,0.0
DXG,10:26:03,Sell Down,1800,19250.0,0.0
DXG,10:25:41,Sell Down,6600,19250.0,0.0
DXG,10:25:40,Sell Down,100,19250.0,0.0
DXG,10:25:30,Sell Down,20000,19250.0,0.0
DXG,10:25:25,Sell Down,200,19250.0,0.0
DXG,10:25:12,Sell Down,1400,19250.0,0.0
DXG,10:24:30,Sell Down,1500,19250.0,-50.0
DXG,10:24:11,Buy Up,500,19300.0,50.0
DXG,10:24:09,Sell Down,1000,19250.0,-50.0
DXG,10:23:56,Buy Up,300,19300.0,50.0
DXG,10:23:47,Sell Down,1500,19250.0,0.0
DXG,10:23:09,Sell Down,1000,19250.0,0.0
DXG,10:23:08,Sell Down,500,19250.0,0.0
DXG,10:23:02,Sell Down,1600,19250.0,-50.0
DXG,10:22:56,Buy Up,500,19300.0,0.0
DXG,10:22:51,Buy Up,600,19300.0,0.0
DXG,10:22:51,Buy Up,100,19300.0,0.0
DXG,10:22:51,Buy Up,100,19300.0,0.0
DXG,10:22:51,Buy Up,100,19300.0,0.0
DXG,10:22:51,Buy Up,1000,19300.0,0.0
DXG,10:22:51,Buy Up,100,19300.0,0.0
DXG,10:22:51,Buy Up,500,19300.0,0.0
DXG,10:22:51,Buy Up,1000,19300.0,0.0
DXG,10:22:51,Buy Up,400,19300.0,0.0
DXG,10:22:51,Buy Up,200,19300.0,0.0
DXG,10:22:51,Buy Up,100,19300.0,0.0
DXG,10:22:51,Buy Up,3000,19300.0,0.0
DXG,10:22:51,Buy Up,1000,19300.0,0.0
DXG,10:22:51,Buy Up,400,19300.0,0.0
DXG,10:22:51,Buy Up,100,19300.0,0.0
DXG,10:22:51,Buy Up,500,19300.0,0.0
DXG,10:22:51,Buy Up,1000,19300.0,0.0
DXG,10:22:51,Buy Up,200,19300.0,0.0
DXG,10:22:51,Buy Up,1000,19300.0,0.0
DXG,10:22:51,Buy Up,500,19300.0,0.0
DXG,10:22:51,Buy Up,6000,19300.0,0.0
DXG,10:22:51,Buy Up,3000,19300.0,0.0
DXG,10:22:51,Buy Up,1500,19300.0,0.0
DXG,10:22:51,Buy Up,9300,19300.0,0.0
DXG,10:22:50,Buy Up,700,19300.0,0.0
DXG,10:22:50,Buy Up,200,19300.0,0.0
DXG,10:22:50,Buy Up,100,19300.0,0.0
DXG,10:22:50,Buy Up,1000,19300.0,0.0
DXG,10:22:48,Buy Up,100,19300.0,0.0
DXG,10:22:48,Buy Up,900,19300.0,0.0
DXG,10:22:29,Buy Up,600,19300.0,50.0
DXG,10:22:18,Sell Down,1000,19250.0,0.0
DXG,10:22:17,Sell Down,1400,19250.0,-50.0
DXG,10:22:14,Buy Up,200,19300.0,0.0
DXG,10:22:10,Buy Up,1300,19300.0,0.0
DXG,10:22:10,Buy Up,200,19300.0,0.0
DXG,10:22:10,Buy Up,200,19300.0,0.0
DXG,10:22:10,Buy Up,100,19300.0,0.0
DXG,10:22:10,Buy Up,200,19300.0,0.0
DXG,10:22:08,Buy Up,1200,19300.0,0.0
DXG,10:21:53,Buy Up,1000,19300.0,50.0
DXG,10:21:37,Sell Down,1100,19250.0,0.0
DXG,10:21:35,Sell Down,1500,19250.0,-50.0
DXG,10:21:19,Buy Up,200,19300.0,50.0
DXG,10:20:52,Sell Down,1500,19250.0,0.0
DXG,10:20:49,Sell Down,2000,19250.0,-50.0
DXG,10:20:37,Buy Up,100,19300.0,0.0
DXG,10:20:32,Buy Up,1300,19300.0,0.0
DXG,10:20:32,Buy Up,200,19300.0,0.0
DXG,10:20:32,Buy Up,1000,19300.0,0.0
DXG,10:20:32,Buy Up,100,19300.0,0.0
DXG,10:20:32,Buy Up,5000,19300.0,0.0
DXG,10:20:32,Buy Up,100,19300.0,0.0
DXG,10:20:32,Buy Up,1000,19300.0,0.0
DXG,10:20:32,Buy Up,500,19300.0,0.0
DXG,10:20:32,Buy Up,100,19300.0,0.0
DXG,10:20:32,Buy Up,700,19300.0,0.0
DXG,10:20:24,Buy Up,200,19300.0,0.0
DXG,10:20:20,Buy Up,100,19300.0,0.0
DXG,10:20:20,Buy Up,500,19300.0,0.0
DXG,10:20:20,Buy Up,4500,19300.0,50.0
DXG,10:20:13,Sell Down,1100,19250.0,-50.0
DXG,10:20:08,Buy Up,600,19300.0,50.0
DXG,10:20:07,Sell Down,1400,19250.0,-50.0
DXG,10:19:59,Buy Up,2500,19300.0,0.0
DXG,10:19:52,Buy Up,1000,19300.0,0.0
DXG,10:19:40,Buy Up,9800,19300.0,0.0
DXG,10:19:40,Buy Up,200,19300.0,0.0
DXG,10:19:40,Buy Up,2000,19300.0,0.0
DXG,10:19:40,Buy Up,1000,19300.0,0.0
DXG,10:19:40,Buy Up,2000,19300.0,50.0
DXG,10:19:25,Sell Down,1500,19250.0,-50.0
DXG,10:19:14,Buy Up,500,19300.0,50.0
DXG,10:19:10,Sell Down,2000,19250.0,0.0
DXG,10:18:45,Sell Down,29200,19250.0,0.0
DXG,10:18:42,Sell Down,1400,19250.0,-50.0
DXG,10:18:41,Buy Up,100,19300.0,0.0
DXG,10:18:27,Buy Up,2400,19300.0,0.0
DXG,10:18:27,Buy Up,100,19300.0,0.0
DXG,10:18:27,Buy Up,300,19300.0,0.0
DXG,10:18:27,Buy Up,3000,19300.0,0.0
DXG,10:18:27,Buy Up,200,19300.0,0.0
DXG,10:18:26,Buy Up,700,19300.0,0.0
DXG,10:18:23,Buy Up,2100,19300.0,0.0
DXG,10:18:23,Buy Up,800,19300.0,0.0
DXG,10:18:11,Buy Up,1200,19300.0,0.0
DXG,10:18:11,Buy Up,1800,19300.0,50.0
DXG,10:18:00,Sell Down,1600,19250.0,-50.0
DXG,10:17:56,Buy Up,200,19300.0,0.0
DXG,10:17:56,Buy Up,100,19300.0,0.0
DXG,10:17:46,Sell Down,500,19300.0,0.0
DXG,10:17:40,Buy Up,100,19300.0,0.0
DXG,10:17:39,Buy Up,100,19300.0,0.0
DXG,10:17:36,Sell Down,700,19300.0,0.0
DXG,10:17:36,Sell Down,1700,19300.0,0.0
DXG,10:17:36,Sell Down,500,19300.0,0.0
DXG,10:17:36,Sell Down,300,19300.0,0.0
DXG,10:17:36,Sell Down,1000,19300.0,0.0
DXG,10:17:36,Sell Down,400,19300.0,0.0
DXG,10:17:36,Sell Down,1000,19300.0,0.0
DXG,10:17:36,Sell Down,300,19300.0,0.0
DXG,10:17:35,Sell Down,300,19300.0,0.0
DXG,10:17:32,Sell Down,500,19300.0,0.0
DXG,10:17:30,Sell Down,200,19300.0,0.0
DXG,10:17:30,Sell Down,500,19300.0,0.0
DXG,10:17:28,Sell Down,100,19300.0,0.0
DXG,10:17:27,Sell Down,500,19300.0,0.0
DXG,10:17:25,Sell Down,100,19300.0,0.0
DXG,10:17:23,Sell Down,500,19300.0,0.0
DXG,10:17:23,Sell Down,200,19300.0,0.0
DXG,10:17:23,Sell Down,300,19300.0,-50.0
DXG,10:17:22,Buy Up,3400,19350.0,50.0
DXG,10:17:14,Sell Down,1500,19300.0,0.0
DXG,10:17:11,Sell Down,100,19300.0,0.0
DXG,10:17:11,Sell Down,100,19300.0,0.0
DXG,10:17:11,Sell Down,500,19300.0,0.0
DXG,10:17:11,Sell Down,200,19300.0,0.0
DXG,10:17:11,Sell Down,1000,19300.0,0.0
DXG,10:17:11,Sell Down,400,19300.0,0.0
DXG,10:17:07,Sell Down,400,19300.0,0.0
DXG,10:17:06,Sell Down,500,19300.0,0.0
DXG,10:17:06,Sell Down,300,19300.0,0.0
DXG,10:17:06,Sell Down,2000,19300.0,0.0
DXG,10:17:06,Sell Down,100,19300.0,0.0
DXG,10:17:06,Sell Down,100,19300.0,0.0
DXG,10:17:06,Sell Down,100,19300.0,0.0
DXG,10:17:06,Sell Down,1000,19300.0,0.0
DXG,10:17:06,Sell Down,1000,19300.0,0.0
DXG,10:17:06,Sell Down,500,19300.0,0.0
DXG,10:17:06,Sell Down,400,19300.0,0.0
DXG,10:17:05,Sell Down,1000,19300.0,0.0
DXG,10:17:04,Sell Down,500,19300.0,0.0
DXG,10:17:02,Sell Down,100,19300.0,0.0
DXG,10:17:00,Sell Down,1000,19300.0,0.0
DXG,10:16:55,Sell Down,10000,19300.0,0.0
DXG,10:16:55,Sell Down,100,19300.0,0.0
DXG,10:16:55,Sell Down,200,19300.0,0.0
DXG,10:16:53,Sell Down,5000,19300.0,0.0
DXG,10:16:52,Sell Down,1700,19300.0,0.0
DXG,10:16:52,Sell Down,1300,19300.0,0.0
DXG,10:16:50,Sell Down,100,19300.0,0.0
DXG,10:16:42,Sell Down,100,19300.0,0.0
DXG,10:16:33,Sell Down,800,19300.0,0.0
DXG,10:16:28,Sell Down,1500,19300.0,0.0
DXG,10:16:28,Sell Down,5000,19300.0,0.0
DXG,10:16:28,Sell Down,6200,19300.0,0.0
DXG,10:16:28,Sell Down,100,19300.0,0.0
DXG,10:16:28,Sell Down,23700,19300.0,0.0
DXG,10:16:25,Sell Down,100,19300.0,0.0
DXG,10:16:13,Sell Down,20000,19300.0,0.0
DXG,10:16:12,Sell Down,200,19300.0,0.0
DXG,10:16:06,Sell Down,100,19300.0,0.0
DXG,10:15:58,Sell Down,2000,19300.0,0.0
DXG,10:15:52,Sell Down,1000,19300.0,0.0
DXG,10:15:46,Sell Down,1600,19300.0,0.0
DXG,10:15:44,Sell Down,1000,19300.0,0.0
DXG,10:15:35,Sell Down,5000,19300.0,0.0
DXG,10:15:33,Sell Down,7000,19300.0,0.0
DXG,10:15:31,Sell Down,1000,19300.0,0.0
DXG,10:15:23,Sell Down,300,19300.0,0.0
DXG,10:15:20,Sell Down,500,19300.0,0.0
DXG,10:15:13,Sell Down,2000,19300.0,0.0
DXG,10:15:13,Sell Down,200,19300.0,0.0
DXG,10:15:10,Sell Down,300,19300.0,0.0
DXG,10:15:05,Sell Down,500,19300.0,0.0
DXG,10:15:05,Sell Down,100,19300.0,0.0
DXG,10:15:05,Sell Down,100,19300.0,0.0
DXG,10:15:05,Sell Down,400,19300.0,0.0
DXG,10:15:05,Sell Down,20000,19300.0,0.0
DXG,10:15:05,Sell Down,7800,19300.0,0.0
DXG,10:15:05,Sell Down,100,19300.0,0.0
DXG,10:15:00,Sell Down,100,19300.0,0.0
DXG,10:15:00,Sell Down,1400,19300.0,0.0
DXG,10:14:53,Sell Down,1000,19300.0,0.0
DXG,10:14:51,Sell Down,5000,19300.0,0.0
DXG,10:14:48,Sell Down,2600,19300.0,0.0
DXG,10:14:48,Sell Down,2400,19300.0,0.0
DXG,10:14:43,Sell Down,2600,19300.0,0.0
DXG,10:14:43,Sell Down,400,19300.0,0.0
DXG,10:14:43,Sell Down,500,19300.0,0.0
DXG,10:14:42,Sell Down,3000,19300.0,0.0
DXG,10:14:41,Sell Down,1100,19300.0,0.0
DXG,10:14:41,Sell Down,1000,19300.0,0.0
DXG,10:14:41,Sell Down,300,19300.0,0.0
DXG,10:14:41,Sell Down,100,19300.0,0.0
DXG,10:14:41,Sell Down,500,19300.0,0.0
DXG,10:14:32,Sell Down,200,19300.0,0.0
DXG,10:14:22,Sell Down,100,19300.0,0.0
DXG,10:14:18,Sell Down,200,19300.0,0.0
DXG,10:14:18,Sell Down,1000,19300.0,0.0
DXG,10:14:18,Sell Down,300,19300.0,0.0
DXG,10:14:18,Sell Down,1000,19300.0,0.0
DXG,10:14:18,Sell Down,300,19300.0,0.0
DXG,10:14:18,Sell Down,2000,19300.0,0.0
DXG,10:14:18,Sell Down,200,19300.0,0.0
DXG,10:14:15,Sell Down,1900,19300.0,0.0
DXG,10:14:15,Sell Down,1400,19300.0,0.0
DXG,10:14:11,Sell Down,1000,19300.0,0.0
DXG,10:14:09,Sell Down,3600,19300.0,0.0
DXG,10:14:07,Sell Down,200,19300.0,0.0
DXG,10:14:06,Sell Down,1000,19300.0,0.0
DXG,10:14:06,Sell Down,5000,19300.0,0.0
DXG,10:14:04,Sell Down,1400,19300.0,0.0
DXG,10:14:02,Sell Down,300,19300.0,0.0
DXG,10:13:57,Sell Down,2000,19300.0,0.0
DXG,10:13:55,Sell Down,200,19300.0,0.0
DXG,10:13:47,Sell Down,200,19300.0,0.0
DXG,10:13:46,Sell Down,1000,19300.0,0.0
DXG,10:13:42,Sell Down,100,19300.0,0.0
DXG,10:13:40,Sell Down,1000,19300.0,0.0
DXG,10:13:38,Sell Down,500,19300.0,0.0
DXG,10:13:35,Sell Down,2000,19300.0,0.0
DXG,10:13:35,Sell Down,100,19300.0,0.0
DXG,10:13:33,Sell Down,1500,19300.0,0.0
DXG,10:13:31,Sell Down,100,19300.0,0.0
DXG,10:13:26,Sell Down,1500,19300.0,0.0
DXG,10:13:26,Sell Down,500,19300.0,0.0
DXG,10:13:25,Sell Down,3500,19300.0,0.0
DXG,10:13:25,Sell Down,100,19300.0,0.0
DXG,10:13:25,Sell Down,500,19300.0,0.0
DXG,10:13:25,Sell Down,900,19300.0,0.0
DXG,10:13:20,Sell Down,100,19300.0,0.0
DXG,10:13:20,Sell Down,1300,19300.0,0.0
DXG,10:13:17,Sell Down,100,19300.0,0.0
DXG,10:13:10,Sell Down,1000,19300.0,0.0
DXG,10:13:06,Sell Down,3000,19300.0,-50.0
DXG,10:13:06,Buy Up,100,19350.0,50.0
DXG,10:13:04,Sell Down,3000,19300.0,0.0
DXG,10:13:02,Sell Down,300,19300.0,0.0
DXG,10:13:00,Sell Down,100,19300.0,0.0
DXG,10:12:59,Sell Down,400,19300.0,0.0
DXG,10:12:51,Sell Down,600,19300.0,0.0
DXG,10:12:51,Sell Down,200,19300.0,0.0
DXG,10:12:50,Buy Up,1800,19300.0,0.0
DXG,10:12:50,Buy Up,6000,19300.0,0.0
DXG,10:12:47,Buy Up,1000,19300.0,0.0
DXG,10:12:46,Buy Up,500,19300.0,0.0
DXG,10:12:39,Buy Up,500,19300.0,0.0
DXG,10:12:35,Buy Up,100,19300.0,0.0
DXG,10:12:35,Buy Up,1400,19300.0,0.0
DXG,10:12:34,Buy Up,1500,19300.0,0.0
DXG,10:12:34,Buy Up,500,19300.0,0.0
DXG,10:12:32,Buy Up,400,19300.0,0.0
DXG,10:12:28,Sell Down,1000,19300.0,0.0
DXG,10:12:28,Sell Down,4000,19300.0,0.0
DXG,10:12:28,Sell Down,10000,19300.0,0.0
DXG,10:12:28,Sell Down,1200,19300.0,0.0
DXG,10:12:28,Sell Down,4000,19300.0,0.0
DXG,10:12:28,Sell Down,1000,19300.0,0.0
DXG,10:12:17,Sell Down,1000,19300.0,0.0
DXG,10:12:17,Sell Down,300,19300.0,0.0
DXG,10:12:17,Sell Down,4000,19300.0,0.0
DXG,10:12:17,Sell Down,1000,19300.0,0.0
DXG,10:12:17,Sell Down,29200,19300.0,0.0
DXG,10:12:17,Sell Down,3800,19300.0,0.0
DXG,10:12:17,Sell Down,200,19300.0,0.0
DXG,10:12:17,Sell Down,1000,19300.0,0.0
DXG,10:12:17,Sell Down,100,19300.0,0.0
DXG,10:12:17,Sell Down,2000,19300.0,0.0
DXG,10:12:17,Sell Down,200,19300.0,0.0
DXG,10:12:17,Sell Down,300,19300.0,0.0
DXG,10:12:17,Sell Down,500,19300.0,0.0
DXG,10:12:17,Sell Down,100,19300.0,0.0
DXG,10:12:17,Sell Down,3000,19300.0,0.0
DXG,10:12:17,Sell Down,100,19300.0,0.0
DXG,10:12:17,Sell Down,600,19300.0,0.0
DXG,10:12:17,Sell Down,100,19300.0,0.0
DXG,10:12:17,Sell Down,1200,19300.0,0.0
DXG,10:12:17,Sell Down,100,19300.0,0.0
DXG,10:12:17,Sell Down,300,19300.0,0.0
DXG,10:12:17,Sell Down,300,19300.0,0.0
DXG,10:12:17,Sell Down,2000,19300.0,0.0
DXG,10:12:17,Sell Down,300,19300.0,0.0
DXG,10:12:17,Sell Down,1000,19300.0,0.0
DXG,10:12:17,Sell Down,200,19300.0,0.0
DXG,10:12:17,Sell Down,1000,19300.0,0.0
DXG,10:12:17,Sell Down,500,19300.0,0.0
DXG,10:12:17,Sell Down,2000,19300.0,0.0
DXG,10:12:17,Sell Down,1000,19300.0,0.0
DXG,10:12:17,Sell Down,3000,19300.0,0.0
DXG,10:12:17,Sell Down,200,19300.0,0.0
DXG,10:12:17,Sell Down,5000,19300.0,0.0
DXG,10:12:17,Sell Down,5000,19300.0,0.0
DXG,10:12:17,Sell Down,100,19300.0,0.0
DXG,10:12:17,Sell Down,3000,19300.0,0.0
DXG,10:12:17,Sell Down,500,19300.0,0.0
DXG,10:12:17,Sell Down,3000,19300.0,0.0
DXG,10:12:17,Sell Down,600,19300.0,0.0
DXG,10:12:17,Sell Down,1000,19300.0,0.0
DXG,10:12:17,Sell Down,500,19300.0,0.0
DXG,10:12:17,Sell Down,500,19300.0,0.0
DXG,10:12:17,Sell Down,1000,19300.0,0.0
DXG,10:12:17,Sell Down,1100,19300.0,0.0
DXG,10:12:17,Sell Down,100,19300.0,0.0
DXG,10:12:17,Sell Down,5000,19300.0,0.0
DXG,10:12:17,Sell Down,500,19300.0,0.0
DXG,10:12:17,Sell Down,100,19300.0,0.0
DXG,10:12:17,Sell Down,200,19300.0,0.0
DXG,10:12:17,Sell Down,1500,19300.0,0.0
DXG,10:12:17,Sell Down,1000,19300.0,0.0
DXG,10:12:17,Sell Down,300,19300.0,0.0
DXG,10:12:17,Sell Down,600,19300.0,0.0
DXG,10:12:17,Sell Down,2000,19300.0,0.0
DXG,10:12:17,Sell Down,600,19300.0,0.0
DXG,10:12:11,Buy Up,400,19300.0,0.0
DXG,10:12:11,Buy Up,500,19300.0,0.0
DXG,10:12:11,Buy Up,500,19300.0,0.0
DXG,10:12:11,Buy Up,2000,19300.0,0.0
DXG,10:12:11,Buy Up,100,19300.0,0.0
DXG,10:12:11,Buy Up,500,19300.0,0.0
DXG,10:12:11,Buy Up,1000,19300.0,0.0
DXG,10:12:10,Buy Up,100,19300.0,50.0
DXG,10:12:10,Sell Down,300,19250.0,-50.0
DXG,10:12:04,Buy Up,1500,19300.0,0.0
DXG,10:11:56,Buy Up,100,19300.0,0.0
DXG,10:11:53,Buy Up,700,19300.0,50.0
DXG,10:11:52,Sell Down,500,19250.0,-50.0
DXG,10:11:40,Buy Up,100,19300.0,0.0
DXG,10:11:40,Buy Up,1500,19300.0,0.0
DXG,10:11:40,Buy Up,1500,19300.0,0.0
DXG,10:11:34,Buy Up,1000,19300.0,50.0
DXG,10:11:31,Sell Down,2000,19250.0,-50.0
DXG,10:11:23,Buy Up,100,19300.0,0.0
DXG,10:11:13,Buy Up,500,19300.0,0.0
DXG,10:11:13,Buy Up,500,19300.0,0.0
DXG,10:11:08,Buy Up,500,19300.0,0.0
DXG,10:11:08,Buy Up,300,19300.0,0.0
DXG,10:11:08,Buy Up,500,19300.0,0.0
DXG,10:11:08,Buy Up,700,19300.0,0.0
DXG,10:11:05,Buy Up,2300,19300.0,0.0
DXG,10:11:05,Buy Up,500,19300.0,0.0
DXG,10:11:05,Buy Up,500,19300.0,0.0
DXG,10:11:05,Buy Up,6700,19300.0,0.0
DXG,10:11:04,Buy Up,2500,19300.0,0.0
DXG,10:10:53,Buy Up,200,19300.0,50.0
DXG,10:10:53,Sell Down,3000,19250.0,-50.0
DXG,10:10:51,Buy Up,2500,19300.0,0.0
DXG,10:10:45,Buy Up,300,19300.0,0.0
DXG,10:10:44,Buy Up,3000,19300.0,0.0
DXG,10:10:43,Buy Up,600,19300.0,0.0
DXG,10:10:43,Buy Up,4100,19300.0,0.0
DXG,10:10:14,Buy Up,200,19300.0,0.0
DXG,10:10:02,Buy Up,300,19300.0,0.0
DXG,10:09:59,Buy Up,100,19300.0,0.0
DXG,10:09:56,Buy Up,1100,19300.0,0.0
DXG,10:09:56,Buy Up,500,19300.0,0.0
DXG,10:09:56,Buy Up,8400,19300.0,0.0
DXG,10:09:53,Buy Up,1000,19300.0,0.0
DXG,10:09:41,Buy Up,600,19300.0,0.0
DXG,10:09:41,Buy Up,2900,19300.0,0.0
DXG,10:09:39,Buy Up,100,19300.0,0.0
DXG,10:09:37,Buy Up,2000,19300.0,0.0
DXG,10:09:37,Buy Up,1000,19300.0,0.0
DXG,10:09:37,Buy Up,7000,19300.0,0.0
DXG,10:09:25,Buy Up,1000,19300.0,50.0
DXG,10:09:21,Sell Down,100,19250.0,-50.0
DXG,10:09:15,Buy Up,1000,19300.0,0.0
DXG,10:08:55,Buy Up,1000,19300.0,0.0
DXG,10:08:36,Buy Up,100,19300.0,0.0
DXG,10:08:28,Buy Up,1000,19300.0,0.0
DXG,10:08:24,Buy Up,100,19300.0,0.0
DXG,10:08:22,Buy Up,1800,19300.0,0.0
DXG,10:08:22,Buy Up,500,19300.0,0.0
DXG,10:08:19,Buy Up,500,19300.0,0.0
DXG,10:08:17,Buy Up,100,19300.0,0.0
DXG,10:08:17,Buy Up,400,19300.0,0.0
DXG,10:08:17,Buy Up,1600,19300.0,0.0
DXG,10:08:17,Buy Up,100,19300.0,0.0
DXG,10:08:17,Buy Up,300,19300.0,0.0
DXG,10:08:09,Buy Up,300,19300.0,0.0
DXG,10:07:55,Buy Up,500,19300.0,0.0
DXG,10:07:53,Buy Up,400,19300.0,0.0
DXG,10:07:53,Buy Up,600,19300.0,0.0
DXG,10:07:52,Buy Up,100,19300.0,0.0
DXG,10:07:48,Buy Up,100,19300.0,0.0
DXG,10:07:35,Buy Up,500,19300.0,0.0
DXG,10:07:32,Buy Up,1000,19300.0,0.0
DXG,10:07:29,Buy Up,500,19300.0,0.0
DXG,10:07:24,Buy Up,700,19300.0,50.0
DXG,10:07:20,Sell Down,800,19250.0,0.0
DXG,10:07:16,Sell Down,500,19250.0,0.0
DXG,10:07:06,Sell Down,400,19250.0,-50.0
DXG,10:07:01,Buy Up,1500,19300.0,0.0
DXG,10:07:01,Buy Up,2000,19300.0,0.0
DXG,10:07:01,Buy Up,1000,19300.0,0.0
DXG,10:07:01,Buy Up,500,19300.0,0.0
DXG,10:06:58,Buy Up,500,19300.0,0.0
DXG,10:06:58,Buy Up,500,19300.0,0.0
DXG,10:06:57,Buy Up,400,19300.0,0.0
DXG,10:06:57,Buy Up,200,19300.0,0.0
DXG,10:06:57,Buy Up,500,19300.0,0.0
DXG,10:06:57,Buy Up,900,19300.0,0.0
DXG,10:06:55,Buy Up,100,19300.0,0.0
DXG,10:06:55,Buy Up,300,19300.0,0.0
DXG,10:06:55,Buy Up,1000,19300.0,0.0
DXG,10:06:55,Buy Up,800,19300.0,0.0
DXG,10:06:55,Buy Up,200,19300.0,0.0
DXG,10:06:55,Buy Up,1600,19300.0,0.0
DXG,10:06:52,Buy Up,600,19300.0,0.0
DXG,10:06:47,Buy Up,100,19300.0,0.0
DXG,10:06:39,Buy Up,100,19300.0,0.0
DXG,10:06:21,Buy Up,2600,19300.0,0.0
DXG,10:06:21,Buy Up,2400,19300.0,0.0
DXG,10:06:19,Buy Up,1100,19300.0,0.0
DXG,10:06:19,Buy Up,200,19300.0,0.0
DXG,10:06:19,Buy Up,100,19300.0,0.0
DXG,10:06:19,Buy Up,100,19300.0,0.0
DXG,10:06:19,Buy Up,3500,19300.0,0.0
DXG,10:06:11,Buy Up,700,19300.0,50.0
DXG,10:06:11,Sell Down,1000,19250.0,-50.0
DXG,10:06:09,Buy Up,1000,19300.0,0.0
DXG,10:05:52,Buy Up,800,19300.0,0.0
DXG,10:05:51,Sell Down,200,19300.0,0.0
DXG,10:05:51,Sell Down,600,19300.0,0.0
DXG,10:05:50,Sell Down,300,19300.0,0.0
DXG,10:05:48,Sell Down,200,19300.0,0.0
DXG,10:05:47,Sell Down,200,19300.0,0.0
DXG,10:05:47,Sell Down,300,19300.0,0.0
DXG,10:05:47,Sell Down,500,19300.0,0.0
DXG,10:05:44,Sell Down,1000,19300.0,0.0
DXG,10:05:43,Sell Down,1000,19300.0,0.0
DXG,10:05:42,Sell Down,500,19300.0,0.0
DXG,10:05:35,Sell Down,1000,19300.0,0.0
DXG,10:05:34,Buy Up,700,19300.0,0.0
DXG,10:05:32,Buy Up,1900,19300.0,0.0
DXG,10:05:31,Sell Down,2000,19300.0,0.0
DXG,10:05:31,Sell Down,400,19300.0,0.0
DXG,10:05:31,Sell Down,1600,19300.0,0.0
DXG,10:05:31,Sell Down,400,19300.0,0.0
DXG,10:05:28,Sell Down,100,19300.0,0.0
DXG,10:05:27,Sell Down,1000,19300.0,0.0
DXG,10:05:25,Sell Down,500,19300.0,0.0
DXG,10:05:25,Sell Down,1500,19300.0,0.0
DXG,10:05:22,Sell Down,100,19300.0,0.0
DXG,10:05:17,Sell Down,100,19300.0,0.0
DXG,10:05:17,Sell Down,200,19300.0,0.0
DXG,10:05:16,Buy Up,300,19300.0,0.0
DXG,10:05:16,Buy Up,200,19300.0,0.0
DXG,10:05:12,Buy Up,300,19300.0,0.0
DXG,10:05:12,Sell Down,800,19300.0,0.0
DXG,10:05:12,Sell Down,100,19300.0,0.0
DXG,10:05:12,Sell Down,300,19300.0,0.0
DXG,10:05:12,Sell Down,1000,19300.0,0.0
DXG,10:05:12,Sell Down,1000,19300.0,0.0
DXG,10:05:12,Sell Down,1000,19300.0,0.0
DXG,10:05:12,Sell Down,300,19300.0,0.0
DXG,10:05:10,Sell Down,1700,19300.0,0.0
DXG,10:05:10,Sell Down,300,19300.0,0.0
DXG,10:05:08,Sell Down,200,19300.0,0.0
DXG,10:05:08,Sell Down,1800,19300.0,0.0
DXG,10:05:08,Sell Down,100,19300.0,0.0
DXG,10:05:08,Sell Down,400,19300.0,0.0
DXG,10:05:07,Sell Down,900,19300.0,0.0
DXG,10:05:04,Sell Down,300,19300.0,0.0
DXG,10:05:00,Sell Down,100,19300.0,0.0
DXG,10:05:00,Sell Down,500,19300.0,0.0
DXG,10:04:59,Sell Down,900,19300.0,0.0
DXG,10:04:59,Sell Down,100,19300.0,0.0
DXG,10:04:59,Sell Down,400,19300.0,0.0
DXG,10:04:59,Sell Down,600,19300.0,0.0
DXG,10:04:57,Sell Down,900,19300.0,0.0
DXG,10:04:56,Sell Down,100,19300.0,0.0
DXG,10:04:55,Sell Down,700,19300.0,0.0
DXG,10:04:55,Sell Down,1900,19300.0,0.0
DXG,10:04:55,Sell Down,400,19300.0,0.0
DXG,10:04:54,Sell Down,100,19300.0,0.0
DXG,10:04:54,Sell Down,200,19300.0,0.0
DXG,10:04:53,Sell Down,1000,19300.0,0.0
DXG,10:04:52,Sell Down,1000,19300.0,0.0
DXG,10:04:52,Sell Down,400,19300.0,0.0
DXG,10:04:51,Sell Down,500,19300.0,0.0
DXG,10:04:51,Sell Down,3100,19300.0,0.0
DXG,10:04:51,Sell Down,100,19300.0,0.0
DXG,10:04:51,Sell Down,2000,19300.0,0.0
DXG,10:04:51,Sell Down,100,19300.0,0.0
DXG,10:04:51,Sell Down,1000,19300.0,0.0
DXG,10:04:51,Sell Down,600,19300.0,0.0
DXG,10:04:51,Sell Down,5000,19300.0,0.0
DXG,10:04:51,Sell Down,1800,19300.0,0.0
DXG,10:04:51,Sell Down,200,19300.0,0.0
DXG,10:04:51,Sell Down,100,19300.0,0.0
DXG,10:04:51,Sell Down,1000,19300.0,0.0
DXG,10:04:51,Sell Down,5000,19300.0,0.0
DXG,10:04:49,Sell Down,1000,19300.0,0.0
DXG,10:04:48,Sell Down,2000,19300.0,0.0
DXG,10:04:48,Sell Down,2000,19300.0,0.0
DXG,10:04:48,Sell Down,1000,19300.0,0.0
DXG,10:04:48,Sell Down,1100,19300.0,0.0
DXG,10:04:47,Sell Down,2900,19300.0,0.0
DXG,10:04:46,Sell Down,500,19300.0,0.0
DXG,10:04:46,Sell Down,5000,19300.0,0.0
DXG,10:04:46,Sell Down,3500,19300.0,0.0
DXG,10:04:46,Sell Down,100,19300.0,0.0
DXG,10:04:46,Sell Down,2000,19300.0,0.0
DXG,10:04:46,Sell Down,300,19300.0,0.0
DXG,10:04:46,Sell Down,2000,19300.0,0.0
DXG,10:04:46,Sell Down,500,19300.0,0.0
DXG,10:04:46,Sell Down,200,19300.0,0.0
DXG,10:04:46,Sell Down,100,19300.0,0.0
DXG,10:04:46,Sell Down,2900,19300.0,0.0
DXG,10:04:45,Sell Down,2500,19300.0,0.0
DXG,10:04:45,Sell Down,5100,19300.0,0.0
DXG,10:04:36,Sell Down,3000,19300.0,-50.0
DXG,10:04:36,Buy Up,100,19350.0,50.0
DXG,10:04:35,Sell Down,400,19300.0,0.0
DXG,10:04:34,Sell Down,9800,19300.0,0.0
DXG,10:04:33,Sell Down,13000,19300.0,0.0
DXG,10:04:31,Sell Down,5000,19300.0,0.0
DXG,10:04:25,Sell Down,13700,19300.0,0.0
DXG,10:04:25,Sell Down,200,19300.0,0.0
DXG,10:04:25,Sell Down,500,19300.0,0.0
DXG,10:04:25,Sell Down,200,19300.0,0.0
DXG,10:04:25,Sell Down,5000,19300.0,0.0
DXG,10:04:25,Sell Down,1000,19300.0,0.0
DXG,10:04:25,Sell Down,1000,19300.0,0.0
DXG,10:04:25,Sell Down,500,19300.0,0.0
DXG,10:04:25,Sell Down,2000,19300.0,0.0
DXG,10:04:25,Sell Down,500,19300.0,0.0
DXG,10:04:25,Sell Down,9000,19300.0,0.0
DXG,10:04:25,Sell Down,5000,19300.0,0.0
DXG,10:04:25,Sell Down,1300,19300.0,-50.0
DXG,10:04:20,Buy Up,100,19350.0,50.0
DXG,10:04:18,Sell Down,100,19300.0,-50.0
DXG,10:04:17,Buy Up,1000,19350.0,50.0
DXG,10:04:16,Sell Down,1000,19300.0,0.0
DXG,10:04:11,Sell Down,1100,19300.0,0.0
DXG,10:04:10,Sell Down,100,19300.0,0.0
DXG,10:04:09,Sell Down,5000,19300.0,0.0
DXG,10:04:05,Sell Down,1400,19300.0,0.0
DXG,10:04:05,Sell Down,500,19300.0,0.0
DXG,10:04:05,Sell Down,700,19300.0,0.0
DXG,10:04:05,Sell Down,500,19300.0,0.0
DXG,10:04:05,Sell Down,200,19300.0,0.0
DXG,10:04:05,Sell Down,100,19300.0,0.0
DXG,10:04:05,Sell Down,300,19300.0,0.0
DXG,10:04:05,Sell Down,1500,19300.0,0.0
DXG,10:04:05,Sell Down,500,19300.0,0.0
DXG,10:04:04,Sell Down,100,19300.0,0.0
DXG,10:04:04,Sell Down,1600,19300.0,0.0
DXG,10:04:02,Sell Down,2500,19300.0,0.0
DXG,10:03:57,Sell Down,1000,19300.0,-50.0
DXG,10:03:57,Buy Up,600,19350.0,50.0
DXG,10:03:56,Sell Down,1000,19300.0,0.0
DXG,10:03:56,Sell Down,200,19300.0,0.0
DXG,10:03:55,Sell Down,1600,19300.0,0.0
DXG,10:03:54,Sell Down,1000,19300.0,0.0
DXG,10:03:50,Sell Down,1000,19300.0,0.0
DXG,10:03:41,Sell Down,100,19300.0,0.0
DXG,10:03:41,Sell Down,1900,19300.0,0.0
DXG,10:03:40,Sell Down,100,19300.0,0.0
DXG,10:03:39,Sell Down,1900,19300.0,0.0
DXG,10:03:39,Sell Down,100,19300.0,0.0
DXG,10:03:39,Sell Down,200,19300.0,0.0
DXG,10:03:39,Sell Down,1000,19300.0,0.0
DXG,10:03:39,Sell Down,1000,19300.0,0.0
DXG,10:03:39,Sell Down,800,19300.0,0.0
DXG,10:03:36,Sell Down,100,19300.0,0.0
DXG,10:03:32,Sell Down,100,19300.0,0.0
DXG,10:03:32,Sell Down,800,19300.0,0.0
DXG,10:03:32,Sell Down,100,19300.0,0.0
DXG,10:03:27,Sell Down,100,19300.0,0.0
DXG,10:03:27,Sell Down,100,19300.0,0.0
DXG,10:03:26,Sell Down,1000,19300.0,0.0
DXG,10:03:20,Sell Down,300,19300.0,0.0
DXG,10:03:15,Sell Down,200,19300.0,0.0
DXG,10:03:12,Sell Down,100,19300.0,0.0
DXG,10:03:11,Sell Down,2000,19300.0,0.0
DXG,10:03:08,Sell Down,1000,19300.0,0.0
DXG,10:03:03,Sell Down,300,19300.0,0.0
DXG,10:03:03,Sell Down,200,19300.0,0.0
DXG,10:03:02,Sell Down,200,19300.0,0.0
DXG,10:03:02,Sell Down,500,19300.0,0.0
DXG,10:03:02,Sell Down,1300,19300.0,0.0
DXG,10:02:53,Sell Down,200,19300.0,0.0
DXG,10:02:48,Sell Down,2200,19300.0,0.0
DXG,10:02:48,Sell Down,1000,19300.0,0.0
DXG,10:02:48,Sell Down,1000,19300.0,0.0
DXG,10:02:48,Sell Down,1000,19300.0,0.0
DXG,10:02:48,Sell Down,10000,19300.0,0.0
DXG,10:02:48,Sell Down,500,19300.0,0.0
DXG,10:02:48,Sell Down,4300,19300.0,0.0
DXG,10:02:48,Sell Down,700,19300.0,0.0
DXG,10:02:48,Sell Down,100,19300.0,0.0
DXG,10:02:47,Sell Down,1100,19300.0,0.0
DXG,10:02:47,Sell Down,100,19300.0,0.0
