ticker,time,orderType,volume,price,prevPriceChange
HAG,11:29:45,Sell Down,600,13600.0,0.0
HAG,11:29:17,Sell Down,300,13600.0,0.0
HAG,11:29:10,Sell Down,200,13600.0,0.0
HAG,11:28:46,Sell Down,24900,13600.0,0.0
HAG,11:28:30,Sell Down,300,13600.0,0.0
HAG,11:28:28,Buy Up,200,13600.0,0.0
HAG,11:28:28,Buy Up,15000,13600.0,0.0
HAG,11:28:28,Buy Up,200,13600.0,0.0
HAG,11:28:28,Buy Up,5000,13600.0,0.0
HAG,11:28:28,Buy Up,1700,13600.0,0.0
HAG,11:28:23,Buy Up,100,13600.0,0.0
HAG,11:28:12,Buy Up,100,13600.0,0.0
HAG,11:27:56,Buy Up,3000,13600.0,0.0
HAG,11:27:11,Buy Up,800,13600.0,50.0
HAG,11:27:00,Sell Down,100,13550.0,0.0
HAG,11:27:00,Sell Down,100,13550.0,-50.0
HAG,11:26:54,Buy Up,100,13600.0,0.0
HAG,11:26:54,Buy Up,200,13600.0,0.0
HAG,11:26:54,Sell Down,1000,13600.0,0.0
HAG,11:26:54,Sell Down,3100,13600.0,0.0
HAG,11:26:47,Sell Down,100,13600.0,0.0
HAG,11:25:56,Sell Down,800,13600.0,0.0
HAG,11:25:56,Sell Down,200,13600.0,-50.0
HAG,11:25:31,Buy Up,100,13650.0,0.0
HAG,11:25:31,Buy Up,100,13650.0,0.0
HAG,11:25:31,Buy Up,1000,13650.0,0.0
HAG,11:25:31,Buy Up,200,13650.0,0.0
HAG,11:25:31,Buy Up,100,13650.0,0.0
HAG,11:25:17,Sell Down,1500,13650.0,0.0
HAG,11:25:04,Sell Down,5000,13650.0,0.0
HAG,11:25:00,Sell Down,8000,13650.0,0.0
HAG,11:24:36,Sell Down,1000,13650.0,-50.0
HAG,11:24:36,Buy Up,91400,13700.0,0.0
HAG,11:24:36,Buy Up,2000,13700.0,0.0
HAG,11:24:36,Buy Up,500,13700.0,0.0
HAG,11:24:36,Buy Up,5000,13700.0,0.0
HAG,11:24:36,Buy Up,500,13700.0,0.0
HAG,11:24:36,Buy Up,500,13700.0,0.0
HAG,11:24:36,Buy Up,2000,13700.0,0.0
HAG,11:24:36,Buy Up,2000,13700.0,0.0
HAG,11:24:36,Buy Up,50000,13700.0,0.0
HAG,11:24:36,Buy Up,100,13700.0,0.0
HAG,11:24:36,Buy Up,200,13700.0,0.0
HAG,11:24:36,Buy Up,2000,13700.0,0.0
HAG,11:24:36,Buy Up,1000,13700.0,0.0
HAG,11:24:36,Buy Up,100,13700.0,0.0
HAG,11:24:36,Buy Up,200,13700.0,0.0
HAG,11:24:36,Buy Up,1000,13700.0,0.0
HAG,11:24:36,Buy Up,900,13700.0,0.0
HAG,11:24:36,Buy Up,500,13700.0,0.0
HAG,11:24:36,Buy Up,700,13700.0,0.0
HAG,11:24:36,Buy Up,10000,13700.0,0.0
HAG,11:24:36,Buy Up,100,13700.0,0.0
HAG,11:24:36,Buy Up,200,13700.0,0.0
HAG,11:24:36,Buy Up,500,13700.0,0.0
HAG,11:24:36,Buy Up,100,13700.0,0.0
HAG,11:24:36,Buy Up,100,13700.0,0.0
HAG,11:24:36,Buy Up,3000,13700.0,0.0
HAG,11:24:36,Buy Up,900,13700.0,0.0
HAG,11:24:36,Buy Up,200,13700.0,0.0
HAG,11:24:36,Buy Up,1000,13700.0,0.0
HAG,11:24:36,Buy Up,100,13700.0,0.0
HAG,11:24:36,Buy Up,500,13700.0,0.0
HAG,11:24:36,Buy Up,4000,13700.0,0.0
HAG,11:24:36,Buy Up,1000,13700.0,0.0
HAG,11:24:36,Buy Up,100,13700.0,0.0
HAG,11:24:36,Buy Up,200,13700.0,0.0
HAG,11:24:36,Buy Up,300,13700.0,0.0
HAG,11:24:36,Buy Up,500,13700.0,0.0
HAG,11:24:36,Buy Up,1600,13700.0,0.0
HAG,11:24:36,Buy Up,5000,13700.0,0.0
HAG,11:24:36,Buy Up,5000,13700.0,0.0
HAG,11:24:36,Buy Up,500,13700.0,0.0
HAG,11:24:36,Buy Up,3000,13700.0,0.0
HAG,11:24:36,Buy Up,100,13700.0,0.0
HAG,11:24:36,Buy Up,100,13700.0,0.0
HAG,11:24:36,Buy Up,4000,13700.0,0.0
HAG,11:24:36,Buy Up,4500,13700.0,0.0
HAG,11:24:36,Buy Up,2000,13700.0,0.0
HAG,11:24:36,Buy Up,100,13700.0,0.0
HAG,11:24:36,Buy Up,300,13700.0,0.0
HAG,11:24:36,Buy Up,100,13700.0,0.0
HAG,11:24:36,Buy Up,400,13700.0,0.0
HAG,11:24:36,Buy Up,100,13700.0,0.0
HAG,11:24:36,Buy Up,1200,13700.0,0.0
HAG,11:24:36,Buy Up,1000,13700.0,0.0
HAG,11:24:36,Buy Up,300,13700.0,0.0
HAG,11:24:36,Buy Up,100,13700.0,0.0
HAG,11:24:36,Buy Up,100,13700.0,0.0
HAG,11:24:36,Buy Up,1200,13700.0,0.0
HAG,11:24:36,Buy Up,500,13700.0,0.0
HAG,11:24:36,Buy Up,200,13700.0,0.0
HAG,11:24:36,Buy Up,1000,13700.0,0.0
HAG,11:24:36,Buy Up,1000,13700.0,0.0
HAG,11:24:36,Buy Up,200,13700.0,0.0
HAG,11:24:36,Buy Up,2000,13700.0,0.0
HAG,11:24:36,Buy Up,2000,13700.0,0.0
HAG,11:24:36,Buy Up,100,13700.0,0.0
HAG,11:24:36,Buy Up,800,13700.0,0.0
HAG,11:24:36,Buy Up,100,13700.0,0.0
HAG,11:24:36,Buy Up,14600,13700.0,0.0
HAG,11:24:36,Buy Up,100,13700.0,0.0
HAG,11:24:36,Buy Up,100,13700.0,0.0
HAG,11:24:36,Buy Up,700,13700.0,0.0
HAG,11:24:36,Buy Up,100,13700.0,0.0
HAG,11:24:36,Buy Up,300,13700.0,0.0
HAG,11:24:36,Buy Up,1600,13700.0,0.0
HAG,11:24:36,Buy Up,300,13700.0,0.0
HAG,11:24:36,Buy Up,200,13700.0,50.0
HAG,11:24:24,Sell Down,1000,13650.0,0.0
HAG,11:24:19,Sell Down,2000,13650.0,0.0
HAG,11:24:09,Sell Down,3700,13650.0,0.0
HAG,11:24:01,Sell Down,100,13650.0,0.0
HAG,11:23:59,Sell Down,300,13650.0,0.0
HAG,11:23:36,Sell Down,500,13650.0,0.0
HAG,11:23:36,Sell Down,100,13650.0,0.0
HAG,11:23:30,Sell Down,3200,13650.0,0.0
HAG,11:23:19,Sell Down,3000,13650.0,0.0
HAG,11:22:37,Sell Down,5000,13650.0,0.0
HAG,11:22:28,Sell Down,43800,13650.0,0.0
HAG,11:22:21,Sell Down,5000,13650.0,0.0
HAG,11:22:19,Buy Up,5000,13650.0,0.0
HAG,11:22:19,Buy Up,100,13650.0,0.0
HAG,11:22:19,Buy Up,100,13650.0,0.0
HAG,11:22:19,Buy Up,200,13650.0,0.0
HAG,11:22:19,Buy Up,3500,13650.0,0.0
HAG,11:22:19,Buy Up,1700,13650.0,0.0
HAG,11:22:19,Buy Up,400,13650.0,100.0
HAG,11:22:04,Buy Up,1900,13550.0,0.0
HAG,11:21:49,Buy Up,20000,13550.0,0.0
HAG,11:21:36,Buy Up,2000,13550.0,0.0
HAG,11:21:36,Buy Up,200,13550.0,0.0
HAG,11:21:36,Buy Up,4800,13550.0,0.0
HAG,11:21:36,Buy Up,200,13550.0,0.0
HAG,11:21:36,Buy Up,400,13550.0,0.0
HAG,11:21:36,Buy Up,100,13550.0,0.0
HAG,11:21:36,Buy Up,400,13550.0,-100.0
HAG,11:21:27,Buy Up,100,13650.0,0.0
HAG,11:21:22,Buy Up,100,13650.0,0.0
HAG,11:21:20,Buy Up,9400,13650.0,0.0
HAG,11:21:20,Buy Up,50000,13650.0,0.0
HAG,11:21:20,Buy Up,1000,13650.0,0.0
HAG,11:21:20,Buy Up,300,13650.0,0.0
HAG,11:21:20,Buy Up,300,13650.0,0.0
HAG,11:21:20,Buy Up,5000,13650.0,0.0
HAG,11:21:20,Buy Up,100,13650.0,0.0
HAG,11:21:20,Buy Up,100,13650.0,0.0
HAG,11:21:20,Buy Up,5000,13650.0,0.0
HAG,11:21:20,Buy Up,300,13650.0,0.0
HAG,11:21:20,Buy Up,200,13650.0,0.0
HAG,11:21:20,Buy Up,1200,13650.0,0.0
HAG,11:21:20,Buy Up,23400,13650.0,50.0
HAG,11:21:20,Buy Up,200,13600.0,0.0
HAG,11:21:19,Buy Up,200,13600.0,0.0
HAG,11:21:19,Buy Up,5000,13600.0,0.0
HAG,11:21:19,Buy Up,400,13600.0,0.0
HAG,11:21:19,Buy Up,20000,13600.0,0.0
HAG,11:21:19,Buy Up,2000,13600.0,0.0
HAG,11:21:19,Buy Up,15700,13600.0,0.0
HAG,11:21:19,Buy Up,1500,13600.0,0.0
HAG,11:21:19,Buy Up,5000,13600.0,0.0
HAG,11:21:19,Buy Up,3000,13600.0,0.0
HAG,11:21:19,Buy Up,30900,13600.0,0.0
HAG,11:21:19,Buy Up,3500,13600.0,0.0
HAG,11:21:19,Buy Up,2000,13600.0,0.0
HAG,11:21:19,Buy Up,10000,13600.0,0.0
HAG,11:21:19,Buy Up,300,13600.0,0.0
HAG,11:21:19,Buy Up,300,13600.0,0.0
HAG,11:21:19,Buy Up,1000,13600.0,0.0
HAG,11:21:19,Buy Up,3500,13600.0,0.0
HAG,11:21:19,Buy Up,3400,13600.0,0.0
HAG,11:21:19,Buy Up,300,13600.0,0.0
HAG,11:21:19,Buy Up,100,13600.0,0.0
HAG,11:21:19,Buy Up,2500,13600.0,0.0
HAG,11:21:19,Buy Up,100,13600.0,0.0
HAG,11:21:19,Buy Up,2000,13600.0,0.0
HAG,11:21:19,Buy Up,800,13600.0,50.0
HAG,11:20:23,Sell Down,500,13550.0,0.0
HAG,11:20:11,Sell Down,400,13550.0,0.0
HAG,11:20:11,Sell Down,100,13550.0,-50.0
HAG,11:20:03,Buy Up,1000,13600.0,0.0
HAG,11:19:11,Buy Up,100,13600.0,0.0
HAG,11:19:04,Buy Up,2000,13600.0,0.0
HAG,11:18:54,Buy Up,100,13600.0,50.0
HAG,11:18:37,Sell Down,2000,13550.0,0.0
HAG,11:18:13,Sell Down,500,13550.0,0.0
HAG,11:18:12,Sell Down,100,13550.0,0.0
HAG,11:18:12,Sell Down,200,13550.0,0.0
HAG,11:18:12,Sell Down,200,13550.0,0.0
HAG,11:18:12,Sell Down,100,13550.0,0.0
HAG,11:18:12,Sell Down,400,13550.0,0.0
HAG,11:18:03,Sell Down,300,13550.0,0.0
HAG,11:17:36,Sell Down,300,13550.0,0.0
HAG,11:17:36,Sell Down,200,13550.0,0.0
HAG,11:17:11,Sell Down,200,13550.0,0.0
HAG,11:17:11,Sell Down,1500,13550.0,0.0
HAG,11:17:11,Sell Down,200,13550.0,0.0
HAG,11:17:11,Sell Down,100,13550.0,-50.0
HAG,11:16:56,Buy Up,100,13600.0,0.0
HAG,11:15:49,Buy Up,100,13600.0,0.0
HAG,11:15:21,Buy Up,100,13600.0,0.0
HAG,11:15:01,Buy Up,100,13600.0,0.0
HAG,11:14:41,Buy Up,200,13600.0,0.0
HAG,11:14:35,Sell Down,100,13600.0,0.0
HAG,11:14:35,Sell Down,5300,13600.0,0.0
HAG,11:14:33,Sell Down,100,13600.0,0.0
HAG,11:14:22,Sell Down,1000,13600.0,0.0
HAG,11:14:21,Sell Down,1000,13600.0,0.0
HAG,11:14:19,Sell Down,1600,13600.0,0.0
HAG,11:14:19,Sell Down,400,13600.0,0.0
HAG,11:14:01,Sell Down,2400,13600.0,0.0
HAG,11:14:01,Sell Down,600,13600.0,-50.0
HAG,11:13:41,Buy Up,2100,13650.0,0.0
HAG,11:13:33,Buy Up,100,13650.0,0.0
HAG,11:12:29,Buy Up,100,13650.0,100.0
HAG,11:11:50,Sell Down,10000,13550.0,0.0
HAG,11:11:50,Sell Down,1000,13550.0,0.0
HAG,11:11:50,Sell Down,500,13550.0,0.0
HAG,11:11:50,Sell Down,100,13550.0,0.0
HAG,11:11:50,Sell Down,3100,13550.0,0.0
HAG,11:11:49,Sell Down,400,13550.0,0.0
HAG,11:11:34,Sell Down,1000,13550.0,-100.0
HAG,11:11:27,Buy Up,100,13650.0,0.0
HAG,11:11:18,Buy Up,100,13650.0,0.0
HAG,11:11:13,Buy Up,34100,13650.0,0.0
HAG,11:11:13,Buy Up,600,13650.0,0.0
HAG,11:11:13,Buy Up,3000,13650.0,0.0
HAG,11:11:13,Buy Up,300,13650.0,0.0
HAG,11:11:13,Buy Up,1300,13650.0,0.0
HAG,11:11:13,Buy Up,100,13650.0,0.0
HAG,11:11:13,Buy Up,5000,13650.0,0.0
HAG,11:11:13,Buy Up,500,13650.0,0.0
HAG,11:11:13,Buy Up,100,13650.0,0.0
HAG,11:11:13,Buy Up,1000,13650.0,0.0
HAG,11:11:13,Buy Up,200,13650.0,0.0
HAG,11:11:13,Buy Up,3000,13650.0,0.0
HAG,11:11:13,Buy Up,200,13650.0,0.0
HAG,11:11:13,Buy Up,1000,13650.0,0.0
HAG,11:11:13,Buy Up,2000,13650.0,0.0
HAG,11:11:13,Buy Up,200,13650.0,0.0
HAG,11:11:13,Buy Up,200,13650.0,0.0
HAG,11:11:13,Buy Up,700,13650.0,0.0
HAG,11:11:13,Buy Up,600,13650.0,0.0
HAG,11:11:13,Buy Up,2000,13650.0,0.0
HAG,11:11:13,Buy Up,10000,13650.0,0.0
HAG,11:11:13,Buy Up,1000,13650.0,0.0
HAG,11:11:13,Buy Up,1500,13650.0,0.0
HAG,11:11:13,Buy Up,200,13650.0,0.0
HAG,11:11:13,Buy Up,1000,13650.0,0.0
HAG,11:11:13,Buy Up,1000,13650.0,0.0
HAG,11:11:13,Buy Up,200,13650.0,0.0
HAG,11:11:13,Buy Up,300,13650.0,0.0
HAG,11:11:13,Buy Up,1000,13650.0,0.0
HAG,11:11:13,Buy Up,100,13650.0,0.0
HAG,11:11:13,Buy Up,100,13650.0,0.0
HAG,11:11:13,Buy Up,500,13650.0,0.0
HAG,11:11:13,Buy Up,7000,13650.0,0.0
HAG,11:11:13,Buy Up,400,13650.0,0.0
HAG,11:11:13,Buy Up,500,13650.0,0.0
HAG,11:11:13,Buy Up,200,13650.0,0.0
HAG,11:11:13,Buy Up,11800,13650.0,0.0
HAG,11:11:13,Buy Up,1000,13650.0,0.0
HAG,11:11:13,Buy Up,500,13650.0,0.0
HAG,11:11:13,Buy Up,100,13650.0,0.0
HAG,11:11:13,Buy Up,1000,13650.0,50.0
HAG,11:11:13,Buy Up,200,13600.0,-50.0
HAG,11:11:13,Buy Up,1000,13650.0,0.0
HAG,11:11:13,Buy Up,200,13650.0,0.0
HAG,11:11:13,Buy Up,1200,13650.0,0.0
HAG,11:11:13,Buy Up,9100,13650.0,50.0
HAG,11:11:13,Buy Up,20000,13600.0,0.0
HAG,11:11:13,Buy Up,500,13600.0,0.0
HAG,11:11:13,Buy Up,2000,13600.0,0.0
HAG,11:11:13,Buy Up,100,13600.0,0.0
HAG,11:11:13,Buy Up,3000,13600.0,0.0
HAG,11:11:13,Buy Up,8300,13600.0,0.0
HAG,11:11:13,Buy Up,1800,13600.0,0.0
HAG,11:11:13,Buy Up,300,13600.0,0.0
HAG,11:11:13,Buy Up,1000,13600.0,0.0
HAG,11:11:13,Buy Up,100,13600.0,0.0
HAG,11:11:13,Buy Up,100,13600.0,0.0
HAG,11:11:13,Buy Up,500,13600.0,0.0
HAG,11:11:13,Buy Up,5000,13600.0,0.0
HAG,11:11:13,Buy Up,30000,13600.0,0.0
HAG,11:11:13,Buy Up,400,13600.0,0.0
HAG,11:11:13,Buy Up,500,13600.0,0.0
HAG,11:11:13,Buy Up,100,13600.0,0.0
HAG,11:11:13,Buy Up,100,13600.0,0.0
HAG,11:11:13,Buy Up,1000,13600.0,0.0
HAG,11:11:13,Buy Up,200,13600.0,0.0
HAG,11:11:13,Buy Up,200,13600.0,0.0
HAG,11:11:13,Buy Up,200,13600.0,0.0
HAG,11:11:13,Buy Up,8000,13600.0,0.0
HAG,11:11:13,Buy Up,1000,13600.0,0.0
HAG,11:11:13,Buy Up,800,13600.0,0.0
HAG,11:11:13,Buy Up,500,13600.0,0.0
HAG,11:11:13,Buy Up,500,13600.0,0.0
HAG,11:11:13,Buy Up,1000,13600.0,0.0
HAG,11:11:13,Buy Up,1100,13600.0,0.0
HAG,11:11:13,Buy Up,200,13600.0,0.0
HAG,11:11:13,Buy Up,300,13600.0,0.0
HAG,11:11:13,Buy Up,200,13600.0,0.0
HAG,11:11:13,Buy Up,500,13600.0,0.0
HAG,11:11:13,Buy Up,3300,13600.0,50.0
HAG,11:11:04,Sell Down,500,13550.0,0.0
HAG,11:11:04,Sell Down,300,13550.0,0.0
HAG,11:10:47,Sell Down,200,13550.0,-50.0
HAG,11:10:33,Buy Up,300,13600.0,0.0
HAG,11:10:30,Buy Up,300,13600.0,50.0
HAG,11:10:11,Buy Up,100,13550.0,-50.0
HAG,11:09:50,Buy Up,1100,13600.0,0.0
HAG,11:09:50,Buy Up,1000,13600.0,0.0
HAG,11:09:50,Buy Up,200,13600.0,0.0
HAG,11:09:50,Buy Up,600,13600.0,50.0
HAG,11:09:50,Buy Up,300,13550.0,0.0
HAG,11:09:32,Buy Up,500,13550.0,0.0
HAG,11:09:03,Buy Up,200,13550.0,-50.0
HAG,11:08:56,Buy Up,100,13600.0,100.0
HAG,11:08:43,Sell Down,11500,13500.0,-100.0
HAG,11:07:55,Buy Up,400,13600.0,0.0
HAG,11:07:55,Buy Up,300,13600.0,0.0
HAG,11:07:55,Buy Up,100,13600.0,0.0
HAG,11:07:55,Buy Up,1000,13600.0,0.0
HAG,11:07:55,Buy Up,21500,13600.0,0.0
HAG,11:07:55,Buy Up,700,13600.0,0.0
HAG,11:07:55,Buy Up,10000,13600.0,0.0
HAG,11:07:55,Buy Up,4000,13600.0,0.0
HAG,11:07:55,Buy Up,1000,13600.0,0.0
HAG,11:07:55,Buy Up,5000,13600.0,0.0
HAG,11:07:55,Buy Up,4000,13600.0,0.0
HAG,11:07:55,Buy Up,10000,13600.0,0.0
HAG,11:07:55,Buy Up,8000,13600.0,0.0
HAG,11:07:55,Buy Up,300,13600.0,0.0
HAG,11:07:55,Buy Up,100,13600.0,0.0
HAG,11:07:55,Buy Up,200,13600.0,0.0
HAG,11:07:55,Buy Up,300,13600.0,50.0
HAG,11:07:55,Buy Up,1000,13550.0,0.0
HAG,11:07:55,Buy Up,30000,13550.0,0.0
HAG,11:07:55,Buy Up,300,13550.0,0.0
HAG,11:07:55,Buy Up,1000,13550.0,0.0
HAG,11:07:55,Buy Up,2000,13550.0,0.0
HAG,11:07:55,Buy Up,200,13550.0,0.0
HAG,11:07:55,Buy Up,40000,13550.0,0.0
HAG,11:07:55,Buy Up,4400,13550.0,0.0
HAG,11:07:55,Buy Up,14000,13550.0,0.0
HAG,11:07:55,Buy Up,100,13550.0,0.0
HAG,11:07:55,Buy Up,100,13550.0,0.0
HAG,11:07:55,Buy Up,10000,13550.0,0.0
HAG,11:07:55,Buy Up,200,13550.0,0.0
HAG,11:07:55,Buy Up,300,13550.0,0.0
HAG,11:07:55,Buy Up,5000,13550.0,0.0
HAG,11:07:55,Buy Up,3000,13550.0,0.0
HAG,11:07:55,Buy Up,100,13550.0,0.0
HAG,11:07:55,Buy Up,500,13550.0,0.0
HAG,11:07:55,Buy Up,300,13550.0,0.0
HAG,11:07:55,Buy Up,1000,13550.0,0.0
HAG,11:07:55,Buy Up,200,13550.0,0.0
HAG,11:07:55,Buy Up,2000,13550.0,0.0
HAG,11:07:55,Buy Up,7400,13550.0,0.0
HAG,11:07:55,Buy Up,10000,13550.0,0.0
HAG,11:07:55,Buy Up,100,13550.0,0.0
HAG,11:07:49,Buy Up,100,13550.0,50.0
HAG,11:07:46,Sell Down,1000,13500.0,0.0
HAG,11:07:28,Sell Down,100,13500.0,0.0
HAG,11:07:26,Sell Down,300,13500.0,-50.0
HAG,11:07:25,Buy Up,400,13550.0,50.0
HAG,11:07:09,Sell Down,1300,13500.0,0.0
HAG,11:06:43,Sell Down,200,13500.0,0.0
HAG,11:06:39,Sell Down,56000,13500.0,0.0
HAG,11:06:39,Sell Down,17900,13500.0,0.0
HAG,11:06:39,Sell Down,1600,13500.0,0.0
HAG,11:05:59,Sell Down,500,13500.0,-50.0
HAG,11:05:40,Buy Up,100,13550.0,0.0
HAG,11:05:22,Buy Up,2900,13550.0,50.0
HAG,11:05:22,Buy Up,2800,13500.0,0.0
HAG,11:05:19,Buy Up,8200,13500.0,0.0
HAG,11:05:06,Sell Down,100,13500.0,0.0
HAG,11:05:06,Sell Down,1700,13500.0,0.0
HAG,11:05:03,Buy Up,800,13500.0,0.0
HAG,11:05:03,Buy Up,1200,13500.0,0.0
HAG,11:04:48,Sell Down,200,13500.0,0.0
HAG,11:04:48,Sell Down,100,13500.0,0.0
HAG,11:04:48,Sell Down,2000,13500.0,0.0
HAG,11:04:46,Sell Down,3000,13500.0,0.0
HAG,11:04:46,Sell Down,100,13500.0,0.0
HAG,11:04:46,Sell Down,100,13500.0,0.0
HAG,11:04:46,Sell Down,1400,13500.0,0.0
HAG,11:04:46,Sell Down,100,13500.0,0.0
HAG,11:04:46,Sell Down,300,13500.0,0.0
HAG,11:04:44,Sell Down,500,13500.0,0.0
HAG,11:04:41,Sell Down,100,13500.0,0.0
HAG,11:04:18,Sell Down,4000,13500.0,0.0
HAG,11:04:06,Sell Down,200,13500.0,0.0
HAG,11:04:06,Sell Down,100,13500.0,0.0
HAG,11:04:06,Sell Down,100,13500.0,0.0
HAG,11:04:06,Sell Down,500,13500.0,0.0
HAG,11:04:06,Sell Down,100,13500.0,0.0
HAG,11:04:06,Sell Down,100,13500.0,0.0
HAG,11:04:06,Sell Down,2500,13500.0,0.0
HAG,11:04:06,Sell Down,2000,13500.0,0.0
HAG,11:04:06,Sell Down,100,13500.0,0.0
HAG,11:04:06,Sell Down,100,13500.0,0.0
HAG,11:04:06,Sell Down,2000,13500.0,0.0
HAG,11:04:06,Sell Down,100,13500.0,0.0
HAG,11:04:06,Sell Down,7100,13500.0,0.0
HAG,11:03:53,Sell Down,500,13500.0,0.0
HAG,11:03:42,Sell Down,100,13500.0,0.0
HAG,11:03:30,Sell Down,500,13500.0,0.0
HAG,11:03:14,Sell Down,5000,13500.0,-50.0
HAG,11:02:34,Buy Up,300,13550.0,50.0
HAG,11:02:30,Sell Down,16800,13500.0,0.0
HAG,11:02:30,Sell Down,2000,13500.0,0.0
HAG,11:02:30,Sell Down,1200,13500.0,0.0
HAG,11:02:06,Sell Down,400,13500.0,0.0
HAG,11:01:56,Sell Down,400,13500.0,0.0
HAG,11:01:56,Sell Down,100,13500.0,0.0
HAG,11:01:56,Sell Down,1000,13500.0,0.0
HAG,11:01:56,Sell Down,3500,13500.0,0.0
HAG,11:01:49,Sell Down,11700,13500.0,-50.0
HAG,11:01:47,Buy Up,3700,13550.0,0.0
HAG,11:01:47,Buy Up,1000,13550.0,0.0
HAG,11:01:47,Buy Up,1000,13550.0,0.0
HAG,11:01:47,Buy Up,10000,13550.0,0.0
HAG,11:01:47,Buy Up,500,13550.0,0.0
HAG,11:01:47,Buy Up,500,13550.0,0.0
HAG,11:01:47,Buy Up,200,13550.0,0.0
HAG,11:01:47,Buy Up,500,13550.0,0.0
HAG,11:01:47,Buy Up,300,13550.0,0.0
HAG,11:01:47,Buy Up,1000,13550.0,0.0
HAG,11:01:47,Buy Up,500,13550.0,0.0
HAG,11:01:47,Buy Up,300,13550.0,0.0
HAG,11:01:47,Buy Up,100,13550.0,0.0
HAG,11:01:47,Buy Up,500,13550.0,0.0
HAG,11:01:47,Buy Up,1700,13550.0,0.0
HAG,11:01:47,Buy Up,300,13550.0,0.0
HAG,11:01:47,Buy Up,100,13550.0,0.0
HAG,11:01:47,Buy Up,1000,13550.0,0.0
HAG,11:01:47,Buy Up,1000,13550.0,0.0
HAG,11:01:47,Buy Up,10000,13550.0,0.0
HAG,11:01:47,Buy Up,5200,13550.0,0.0
HAG,11:01:47,Buy Up,1000,13550.0,0.0
HAG,11:01:47,Buy Up,4600,13550.0,0.0
HAG,11:01:19,Buy Up,200,13550.0,0.0
HAG,11:01:10,Buy Up,200,13550.0,0.0
HAG,11:01:05,Buy Up,100,13550.0,0.0
HAG,11:00:39,Buy Up,100,13550.0,50.0
HAG,11:00:28,Sell Down,5000,13500.0,0.0
HAG,11:00:23,Sell Down,100,13500.0,0.0
HAG,11:00:15,Sell Down,7000,13500.0,0.0
HAG,10:59:53,Sell Down,400,13500.0,0.0
HAG,10:59:27,Sell Down,100,13500.0,-50.0
HAG,10:58:54,Buy Up,200,13550.0,0.0
HAG,10:58:31,Buy Up,100,13550.0,50.0
HAG,10:58:15,Sell Down,2000,13500.0,0.0
HAG,10:58:14,Sell Down,30000,13500.0,-50.0
HAG,10:58:11,Buy Up,1000,13550.0,50.0
HAG,10:57:20,Sell Down,20000,13500.0,-50.0
HAG,10:57:15,Buy Up,5000,13550.0,50.0
HAG,10:57:09,Buy Up,5000,13500.0,0.0
HAG,10:57:09,Buy Up,6600,13500.0,0.0
HAG,10:57:09,Buy Up,1000,13500.0,0.0
HAG,10:57:09,Buy Up,2000,13500.0,0.0
HAG,10:57:09,Buy Up,300,13500.0,0.0
HAG,10:57:09,Buy Up,5000,13500.0,0.0
HAG,10:57:09,Buy Up,30000,13500.0,0.0
HAG,10:57:09,Buy Up,2000,13500.0,0.0
HAG,10:57:09,Buy Up,400,13500.0,0.0
HAG,10:57:09,Buy Up,1000,13500.0,0.0
HAG,10:57:09,Buy Up,200,13500.0,0.0
HAG,10:57:09,Buy Up,10000,13500.0,0.0
HAG,10:57:09,Buy Up,20000,13500.0,0.0
HAG,10:57:09,Buy Up,200,13500.0,0.0
HAG,10:57:09,Buy Up,200,13500.0,0.0
HAG,10:57:09,Buy Up,1000,13500.0,0.0
HAG,10:57:09,Buy Up,5000,13500.0,0.0
HAG,10:57:09,Buy Up,500,13500.0,0.0
HAG,10:57:09,Buy Up,9000,13500.0,0.0
HAG,10:57:09,Buy Up,20800,13500.0,0.0
HAG,10:57:09,Buy Up,500,13500.0,0.0
HAG,10:56:59,Buy Up,1000,13500.0,0.0
HAG,10:56:56,Buy Up,3000,13500.0,0.0
HAG,10:56:51,Buy Up,100,13500.0,0.0
HAG,10:56:47,Buy Up,5000,13500.0,0.0
HAG,10:56:39,Buy Up,100,13500.0,0.0
HAG,10:56:34,Buy Up,500,13500.0,0.0
HAG,10:56:17,Buy Up,1000,13500.0,0.0
HAG,10:56:06,Buy Up,500,13500.0,0.0
HAG,10:55:55,Buy Up,1000,13500.0,0.0
HAG,10:55:42,Buy Up,500,13500.0,50.0
HAG,10:55:08,Sell Down,2000,13450.0,0.0
HAG,10:54:53,Sell Down,100,13450.0,0.0
HAG,10:54:42,Sell Down,30000,13450.0,0.0
HAG,10:54:28,Sell Down,14000,13450.0,0.0
HAG,10:54:27,Sell Down,1000,13450.0,-50.0
HAG,10:54:24,Buy Up,100,13500.0,0.0
HAG,10:54:05,Buy Up,5900,13500.0,0.0
HAG,10:54:05,Buy Up,600,13500.0,0.0
HAG,10:54:05,Buy Up,1000,13500.0,0.0
HAG,10:54:05,Buy Up,3300,13500.0,0.0
HAG,10:54:05,Buy Up,1000,13500.0,0.0
HAG,10:54:05,Buy Up,1000,13500.0,0.0
HAG,10:54:05,Buy Up,100,13500.0,0.0
HAG,10:54:05,Buy Up,100,13500.0,0.0
HAG,10:54:05,Buy Up,800,13500.0,50.0
HAG,10:53:38,Sell Down,1600,13450.0,0.0
HAG,10:53:38,Buy Up,3000,13450.0,0.0
HAG,10:53:38,Buy Up,100,13450.0,0.0
HAG,10:53:38,Buy Up,5000,13450.0,0.0
HAG,10:53:38,Buy Up,100,13450.0,0.0
HAG,10:53:38,Buy Up,1900,13450.0,0.0
HAG,10:53:38,Buy Up,5000,13450.0,0.0
HAG,10:53:38,Buy Up,23900,13450.0,0.0
HAG,10:53:38,Buy Up,5300,13450.0,0.0
HAG,10:53:35,Buy Up,4700,13450.0,0.0
HAG,10:53:35,Buy Up,11900,13450.0,0.0
HAG,10:53:28,Buy Up,700,13450.0,0.0
HAG,10:53:27,Buy Up,500,13450.0,0.0
HAG,10:53:21,Buy Up,100,13450.0,0.0
HAG,10:53:18,Sell Down,300,13450.0,0.0
HAG,10:53:18,Sell Down,200,13450.0,0.0
HAG,10:53:18,Sell Down,1300,13450.0,0.0
HAG,10:53:16,Buy Up,1000,13450.0,0.0
HAG,10:53:16,Sell Down,400,13450.0,0.0
HAG,10:53:16,Sell Down,2000,13450.0,0.0
HAG,10:53:16,Sell Down,100,13450.0,0.0
HAG,10:53:16,Sell Down,200,13450.0,0.0
HAG,10:53:16,Sell Down,1000,13450.0,0.0
HAG,10:53:16,Sell Down,1000,13450.0,0.0
HAG,10:53:16,Sell Down,1000,13450.0,0.0
HAG,10:53:16,Sell Down,700,13450.0,0.0
HAG,10:53:16,Sell Down,200,13450.0,0.0
HAG,10:53:16,Sell Down,2000,13450.0,0.0
HAG,10:53:13,Sell Down,200,13450.0,0.0
HAG,10:53:13,Sell Down,100,13450.0,0.0
HAG,10:53:13,Sell Down,700,13450.0,0.0
HAG,10:53:13,Sell Down,100,13450.0,0.0
HAG,10:53:13,Sell Down,900,13450.0,0.0
HAG,10:53:10,Sell Down,1100,13450.0,0.0
HAG,10:53:10,Sell Down,1900,13450.0,0.0
HAG,10:53:10,Sell Down,300,13450.0,0.0
HAG,10:53:10,Sell Down,200,13450.0,0.0
HAG,10:53:10,Sell Down,100,13450.0,0.0
HAG,10:53:10,Sell Down,200,13450.0,0.0
HAG,10:53:10,Sell Down,500,13450.0,0.0
HAG,10:53:10,Sell Down,1000,13450.0,0.0
HAG,10:53:10,Sell Down,100,13450.0,0.0
HAG,10:53:10,Sell Down,10100,13450.0,0.0
HAG,10:53:10,Sell Down,500,13450.0,0.0
HAG,10:53:10,Sell Down,1000,13450.0,0.0
HAG,10:53:10,Sell Down,1000,13450.0,0.0
HAG,10:53:10,Sell Down,500,13450.0,0.0
HAG,10:53:10,Sell Down,100,13450.0,0.0
HAG,10:53:10,Sell Down,100,13450.0,0.0
HAG,10:53:10,Sell Down,100,13450.0,0.0
HAG,10:53:10,Sell Down,200,13450.0,0.0
HAG,10:53:10,Sell Down,100,13450.0,0.0
HAG,10:53:10,Sell Down,100,13450.0,0.0
HAG,10:53:10,Sell Down,100,13450.0,0.0
HAG,10:53:10,Sell Down,500,13450.0,0.0
HAG,10:53:10,Sell Down,1000,13450.0,0.0
HAG,10:53:10,Sell Down,300,13450.0,0.0
HAG,10:53:10,Sell Down,500,13450.0,0.0
HAG,10:53:10,Sell Down,500,13450.0,0.0
HAG,10:53:10,Sell Down,2000,13450.0,0.0
HAG,10:53:10,Sell Down,200,13450.0,0.0
HAG,10:53:10,Sell Down,200,13450.0,0.0
HAG,10:53:10,Sell Down,300,13450.0,0.0
HAG,10:53:10,Sell Down,100,13450.0,0.0
HAG,10:53:10,Sell Down,5500,13450.0,0.0
HAG,10:53:10,Sell Down,100,13450.0,0.0
HAG,10:53:10,Sell Down,1700,13450.0,0.0
HAG,10:53:10,Sell Down,100,13450.0,0.0
HAG,10:53:10,Sell Down,500,13450.0,0.0
HAG,10:53:10,Sell Down,2000,13450.0,0.0
HAG,10:53:10,Sell Down,2300,13450.0,0.0
HAG,10:53:10,Sell Down,1000,13450.0,0.0
HAG,10:53:10,Sell Down,100,13450.0,0.0
HAG,10:53:10,Sell Down,300,13450.0,0.0
HAG,10:53:10,Sell Down,500,13450.0,0.0
HAG,10:53:10,Sell Down,1000,13450.0,0.0
HAG,10:53:10,Sell Down,500,13450.0,0.0
HAG,10:53:10,Sell Down,5000,13450.0,0.0
HAG,10:53:10,Sell Down,300,13450.0,0.0
HAG,10:53:10,Sell Down,500,13450.0,0.0
HAG,10:53:10,Sell Down,500,13450.0,0.0
HAG,10:53:10,Sell Down,100,13450.0,0.0
HAG,10:53:10,Sell Down,3100,13450.0,0.0
HAG,10:53:10,Sell Down,1000,13450.0,0.0
HAG,10:53:08,Sell Down,9100,13450.0,0.0
HAG,10:53:08,Sell Down,900,13450.0,0.0
HAG,10:53:06,Sell Down,20000,13450.0,0.0
HAG,10:53:06,Sell Down,9000,13450.0,0.0
HAG,10:53:03,Sell Down,200,13450.0,0.0
HAG,10:53:02,Sell Down,92700,13450.0,0.0
HAG,10:52:54,Sell Down,5000,13450.0,0.0
HAG,10:52:52,Sell Down,2000,13450.0,0.0
HAG,10:52:50,Sell Down,12000,13450.0,0.0
HAG,10:52:50,Sell Down,9800,13450.0,0.0
HAG,10:52:46,Sell Down,10000,13450.0,0.0
HAG,10:52:24,Sell Down,200,13450.0,0.0
HAG,10:52:24,Sell Down,100,13450.0,0.0
HAG,10:52:24,Sell Down,200,13450.0,0.0
HAG,10:52:24,Sell Down,200,13450.0,0.0
HAG,10:52:24,Sell Down,10000,13450.0,0.0
HAG,10:52:24,Sell Down,100,13450.0,0.0
HAG,10:52:24,Sell Down,1000,13450.0,0.0
HAG,10:52:24,Sell Down,500,13450.0,0.0
HAG,10:52:24,Sell Down,2000,13450.0,0.0
HAG,10:52:24,Sell Down,1000,13450.0,0.0
HAG,10:52:24,Sell Down,200,13450.0,0.0
HAG,10:52:24,Sell Down,1000,13450.0,0.0
HAG,10:52:24,Sell Down,500,13450.0,0.0
HAG,10:52:24,Sell Down,400,13450.0,0.0
HAG,10:52:24,Sell Down,100,13450.0,0.0
HAG,10:52:24,Sell Down,1000,13450.0,0.0
HAG,10:52:24,Sell Down,5000,13450.0,0.0
HAG,10:52:24,Sell Down,1000,13450.0,0.0
HAG,10:52:24,Sell Down,100,13450.0,0.0
HAG,10:52:24,Sell Down,100,13450.0,0.0
HAG,10:52:24,Sell Down,500,13450.0,0.0
HAG,10:52:24,Sell Down,100,13450.0,0.0
HAG,10:52:24,Sell Down,1000,13450.0,0.0
HAG,10:52:24,Sell Down,100,13450.0,0.0
HAG,10:52:24,Sell Down,13600,13450.0,0.0
HAG,10:52:20,Sell Down,1400,13450.0,0.0
HAG,10:52:20,Sell Down,100,13450.0,0.0
HAG,10:52:20,Sell Down,18500,13450.0,0.0
HAG,10:52:19,Sell Down,100,13450.0,0.0
HAG,10:52:03,Sell Down,1500,13450.0,0.0
HAG,10:51:43,Sell Down,62400,13450.0,-50.0
HAG,10:51:36,Buy Up,500,13500.0,50.0
HAG,10:51:35,Sell Down,7000,13450.0,0.0
HAG,10:51:34,Sell Down,2000,13450.0,0.0
HAG,10:51:31,Sell Down,8500,13450.0,0.0
HAG,10:51:31,Sell Down,100,13450.0,0.0
HAG,10:51:31,Sell Down,500,13450.0,0.0
HAG,10:51:31,Sell Down,900,13450.0,0.0
HAG,10:51:30,Sell Down,100,13450.0,0.0
HAG,10:51:26,Sell Down,100,13450.0,0.0
HAG,10:51:04,Sell Down,900,13450.0,0.0
HAG,10:51:04,Sell Down,1000,13450.0,0.0
HAG,10:51:04,Sell Down,500,13450.0,0.0
HAG,10:51:04,Sell Down,500,13450.0,0.0
HAG,10:51:04,Sell Down,10000,13450.0,0.0
HAG,10:51:04,Sell Down,600,13450.0,0.0
HAG,10:51:04,Sell Down,200,13450.0,0.0
HAG,10:51:04,Sell Down,1000,13450.0,0.0
HAG,10:51:04,Sell Down,500,13450.0,0.0
HAG,10:51:04,Sell Down,3900,13450.0,0.0
HAG,10:51:04,Sell Down,50900,13450.0,0.0
HAG,10:50:56,Sell Down,300,13450.0,0.0
HAG,10:50:51,Sell Down,5000,13450.0,0.0
HAG,10:50:40,Sell Down,400,13450.0,0.0
HAG,10:50:17,Sell Down,1200,13450.0,-50.0
HAG,10:50:04,Buy Up,500,13500.0,50.0
HAG,10:49:51,Sell Down,2200,13450.0,0.0
HAG,10:49:50,Sell Down,300,13450.0,0.0
HAG,10:49:40,Sell Down,10000,13450.0,0.0
HAG,10:49:34,Sell Down,5000,13450.0,0.0
HAG,10:49:20,Sell Down,100,13450.0,0.0
HAG,10:49:16,Sell Down,500,13450.0,0.0
HAG,10:49:15,Sell Down,500,13450.0,0.0
HAG,10:48:37,Sell Down,2000,13450.0,-50.0
HAG,10:48:23,Buy Up,500,13500.0,50.0
HAG,10:48:00,Sell Down,1000,13450.0,-50.0
HAG,10:47:38,Buy Up,200,13500.0,0.0
HAG,10:47:19,Buy Up,100,13500.0,50.0
HAG,10:46:53,Sell Down,300,13450.0,-50.0
HAG,10:46:51,Buy Up,500,13500.0,0.0
HAG,10:46:44,Buy Up,1000,13500.0,50.0
HAG,10:46:04,Sell Down,300,13450.0,0.0
HAG,10:46:04,Sell Down,1000,13450.0,0.0
HAG,10:46:04,Sell Down,100,13450.0,-50.0
HAG,10:45:23,Buy Up,100,13500.0,0.0
HAG,10:45:22,Buy Up,100,13500.0,50.0
HAG,10:45:09,Sell Down,900,13450.0,0.0
HAG,10:45:09,Sell Down,100,13450.0,-50.0
HAG,10:44:59,Sell Down,400,13500.0,0.0
HAG,10:44:59,Sell Down,100,13500.0,0.0
HAG,10:44:59,Sell Down,200,13500.0,0.0
HAG,10:44:59,Sell Down,500,13500.0,0.0
HAG,10:44:59,Sell Down,200,13500.0,0.0
HAG,10:44:59,Sell Down,1000,13500.0,0.0
HAG,10:44:59,Sell Down,34800,13500.0,0.0
HAG,10:44:47,Sell Down,15200,13500.0,0.0
HAG,10:44:47,Sell Down,11800,13500.0,0.0
HAG,10:44:47,Sell Down,12000,13500.0,0.0
HAG,10:44:47,Sell Down,200,13500.0,0.0
HAG,10:44:38,Sell Down,100,13500.0,0.0
HAG,10:44:30,Sell Down,200,13500.0,0.0
HAG,10:44:30,Sell Down,100,13500.0,0.0
HAG,10:44:30,Sell Down,200,13500.0,0.0
HAG,10:44:30,Sell Down,100,13500.0,0.0
HAG,10:44:30,Sell Down,400,13500.0,0.0
HAG,10:44:24,Sell Down,900,13500.0,0.0
HAG,10:44:24,Sell Down,100,13500.0,0.0
HAG,10:44:21,Sell Down,100,13500.0,0.0
HAG,10:44:02,Sell Down,200,13500.0,0.0
HAG,10:44:02,Sell Down,1000,13500.0,0.0
HAG,10:44:02,Sell Down,8800,13500.0,0.0
HAG,10:43:51,Sell Down,1000,13500.0,0.0
HAG,10:42:57,Sell Down,4000,13500.0,0.0
HAG,10:42:55,Sell Down,2000,13500.0,0.0
HAG,10:42:27,Sell Down,10000,13500.0,0.0
HAG,10:42:23,Sell Down,29000,13500.0,0.0
HAG,10:42:17,Sell Down,5800,13500.0,0.0
HAG,10:42:14,Sell Down,500,13500.0,0.0
HAG,10:42:12,Sell Down,1000,13500.0,0.0
HAG,10:42:10,Sell Down,600,13500.0,0.0
HAG,10:42:02,Sell Down,10800,13500.0,0.0
HAG,10:42:01,Sell Down,8000,13500.0,0.0
HAG,10:41:57,Sell Down,5000,13500.0,0.0
HAG,10:41:24,Sell Down,500,13500.0,0.0
HAG,10:40:58,Buy Up,100,13500.0,0.0
HAG,10:40:58,Buy Up,1000,13500.0,0.0
HAG,10:40:58,Buy Up,1000,13500.0,0.0
HAG,10:40:58,Buy Up,10900,13500.0,0.0
HAG,10:40:53,Buy Up,100,13500.0,0.0
HAG,10:40:45,Buy Up,200,13500.0,0.0
HAG,10:40:41,Buy Up,900,13500.0,0.0
HAG,10:40:41,Buy Up,2100,13500.0,0.0
HAG,10:40:26,Buy Up,100,13500.0,0.0
HAG,10:40:22,Buy Up,500,13500.0,0.0
HAG,10:40:20,Sell Down,300,13500.0,0.0
HAG,10:40:13,Sell Down,100,13500.0,0.0
HAG,10:40:13,Sell Down,8900,13500.0,0.0
HAG,10:40:01,Sell Down,1000,13500.0,0.0
HAG,10:39:56,Sell Down,5000,13500.0,0.0
HAG,10:39:54,Sell Down,85100,13500.0,0.0
HAG,10:39:54,Sell Down,100,13500.0,0.0
HAG,10:39:54,Sell Down,100,13500.0,0.0
HAG,10:39:54,Sell Down,1000,13500.0,0.0
HAG,10:39:54,Sell Down,13700,13500.0,0.0
HAG,10:39:46,Sell Down,4500,13500.0,0.0
HAG,10:39:45,Sell Down,5000,13500.0,0.0
HAG,10:39:43,Sell Down,10000,13500.0,0.0
HAG,10:39:42,Sell Down,100,13500.0,0.0
HAG,10:39:26,Sell Down,1400,13500.0,0.0
HAG,10:39:22,Sell Down,40000,13500.0,-50.0
HAG,10:39:20,Buy Up,100,13550.0,0.0
HAG,10:39:15,Buy Up,1600,13550.0,50.0
HAG,10:39:11,Sell Down,1300,13500.0,0.0
HAG,10:39:01,Sell Down,3000,13500.0,0.0
HAG,10:38:58,Sell Down,1000,13500.0,0.0
HAG,10:38:43,Buy Up,2000,13500.0,0.0
HAG,10:38:43,Buy Up,500,13500.0,0.0
HAG,10:38:43,Buy Up,17500,13500.0,0.0
HAG,10:38:37,Buy Up,200,13500.0,0.0
HAG,10:38:23,Sell Down,100,13500.0,0.0
HAG,10:38:23,Sell Down,500,13500.0,0.0
HAG,10:38:23,Sell Down,100,13500.0,0.0
HAG,10:38:23,Sell Down,1600,13500.0,0.0
HAG,10:38:23,Sell Down,1400,13500.0,0.0
HAG,10:38:23,Sell Down,2000,13500.0,0.0
HAG,10:38:23,Sell Down,200,13500.0,0.0
HAG,10:38:23,Sell Down,300,13500.0,0.0
HAG,10:38:23,Sell Down,100,13500.0,0.0
HAG,10:38:23,Sell Down,1000,13500.0,0.0
HAG,10:38:20,Sell Down,100,13500.0,0.0
HAG,10:38:20,Sell Down,1000,13500.0,0.0
HAG,10:38:20,Sell Down,100,13500.0,0.0
HAG,10:38:20,Sell Down,2000,13500.0,0.0
HAG,10:38:20,Sell Down,1400,13500.0,0.0
HAG,10:38:20,Sell Down,500,13500.0,0.0
HAG,10:38:20,Sell Down,500,13500.0,0.0
HAG,10:38:20,Sell Down,500,13500.0,0.0
HAG,10:38:20,Sell Down,1000,13500.0,0.0
HAG,10:38:20,Sell Down,500,13500.0,0.0
HAG,10:38:20,Sell Down,1000,13500.0,0.0
HAG,10:38:20,Sell Down,100,13500.0,0.0
HAG,10:38:20,Sell Down,200,13500.0,0.0
HAG,10:38:20,Sell Down,1100,13500.0,0.0
HAG,10:38:16,Sell Down,8900,13500.0,0.0
HAG,10:38:16,Sell Down,900,13500.0,0.0
HAG,10:38:10,Sell Down,100,13500.0,0.0
HAG,10:38:10,Sell Down,300,13500.0,0.0
HAG,10:38:10,Sell Down,200,13500.0,0.0
HAG,10:38:10,Sell Down,6300,13500.0,0.0
HAG,10:38:10,Sell Down,100,13500.0,0.0
HAG,10:38:10,Sell Down,2000,13500.0,0.0
HAG,10:38:10,Sell Down,100,13500.0,0.0
HAG,10:38:10,Sell Down,100,13500.0,0.0
HAG,10:38:10,Sell Down,100,13500.0,0.0
HAG,10:38:09,Sell Down,500,13500.0,0.0
HAG,10:38:09,Sell Down,100,13500.0,0.0
HAG,10:38:09,Sell Down,1000,13500.0,0.0
HAG,10:38:09,Sell Down,500,13500.0,0.0
HAG,10:38:09,Sell Down,500,13500.0,0.0
HAG,10:38:09,Sell Down,1000,13500.0,0.0
HAG,10:38:09,Sell Down,200,13500.0,0.0
HAG,10:38:09,Sell Down,100,13500.0,0.0
HAG,10:38:09,Sell Down,1000,13500.0,0.0
HAG,10:38:09,Sell Down,100,13500.0,0.0
HAG,10:38:09,Sell Down,100,13500.0,0.0
HAG,10:38:09,Sell Down,100,13500.0,0.0
HAG,10:38:09,Sell Down,200,13500.0,0.0
HAG,10:38:09,Sell Down,500,13500.0,0.0
HAG,10:38:09,Sell Down,700,13500.0,0.0
HAG,10:37:53,Sell Down,1300,13500.0,0.0
HAG,10:37:53,Sell Down,200,13500.0,0.0
HAG,10:37:53,Sell Down,100,13500.0,0.0
HAG,10:37:53,Sell Down,3400,13500.0,0.0
HAG,10:37:40,Sell Down,5000,13500.0,0.0
HAG,10:37:33,Sell Down,3000,13500.0,0.0
HAG,10:36:59,Sell Down,100,13500.0,0.0
HAG,10:36:59,Sell Down,2600,13500.0,0.0
HAG,10:36:59,Sell Down,1000,13500.0,0.0
HAG,10:36:59,Sell Down,100,13500.0,0.0
HAG,10:36:59,Sell Down,300,13500.0,0.0
HAG,10:36:59,Sell Down,500,13500.0,0.0
HAG,10:36:59,Sell Down,2000,13500.0,0.0
HAG,10:36:59,Sell Down,100,13500.0,0.0
HAG,10:36:59,Sell Down,1500,13500.0,0.0
HAG,10:36:59,Sell Down,100,13500.0,0.0
HAG,10:36:59,Sell Down,500,13500.0,0.0
HAG,10:36:59,Sell Down,200,13500.0,0.0
HAG,10:36:59,Sell Down,100,13500.0,0.0
HAG,10:36:59,Sell Down,200,13500.0,0.0
HAG,10:36:59,Sell Down,1000,13500.0,0.0
HAG,10:36:59,Sell Down,9800,13500.0,0.0
HAG,10:36:59,Sell Down,100,13500.0,0.0
HAG,10:36:59,Sell Down,39800,13500.0,0.0
HAG,10:36:40,Sell Down,1000,13500.0,0.0
HAG,10:36:34,Sell Down,100,13500.0,0.0
HAG,10:36:19,Sell Down,5000,13500.0,0.0
HAG,10:36:18,Sell Down,1000,13500.0,0.0
HAG,10:35:30,Sell Down,400,13500.0,0.0
HAG,10:34:54,Sell Down,500,13500.0,-50.0
HAG,10:34:31,Buy Up,400,13550.0,0.0
HAG,10:34:07,Buy Up,100,13550.0,0.0
HAG,10:33:36,Buy Up,1000,13550.0,0.0
HAG,10:32:59,Buy Up,200,13550.0,0.0
HAG,10:32:46,Buy Up,200,13550.0,0.0
HAG,10:32:19,Buy Up,100,13550.0,0.0
HAG,10:32:13,Buy Up,1000,13550.0,50.0
HAG,10:31:33,Sell Down,100,13500.0,-50.0
HAG,10:31:06,Buy Up,600,13550.0,0.0
HAG,10:31:05,Buy Up,100,13550.0,0.0
HAG,10:30:45,Buy Up,100,13550.0,50.0
HAG,10:30:45,Sell Down,1500,13500.0,0.0
HAG,10:30:34,Sell Down,600,13500.0,0.0
HAG,10:30:34,Sell Down,100,13500.0,0.0
HAG,10:30:34,Sell Down,1300,13500.0,-50.0
HAG,10:30:32,Buy Up,100,13550.0,50.0
HAG,10:30:14,Sell Down,100,13500.0,0.0
HAG,10:30:14,Sell Down,400,13500.0,0.0
HAG,10:30:14,Sell Down,200,13500.0,0.0
HAG,10:30:14,Sell Down,2200,13500.0,0.0
HAG,10:30:14,Sell Down,100,13500.0,0.0
HAG,10:29:47,Sell Down,400,13500.0,0.0
HAG,10:29:47,Sell Down,600,13500.0,0.0
HAG,10:29:25,Sell Down,700,13500.0,0.0
HAG,10:29:25,Sell Down,100,13500.0,0.0
HAG,10:29:25,Sell Down,200,13500.0,0.0
HAG,10:29:25,Sell Down,100,13500.0,0.0
HAG,10:29:25,Sell Down,100,13500.0,0.0
HAG,10:29:25,Sell Down,100,13500.0,0.0
HAG,10:29:25,Sell Down,1100,13500.0,0.0
HAG,10:28:58,Sell Down,900,13500.0,0.0
HAG,10:28:58,Sell Down,100,13500.0,0.0
HAG,10:28:48,Sell Down,900,13500.0,0.0
HAG,10:28:48,Sell Down,200,13500.0,0.0
HAG,10:28:48,Sell Down,3900,13500.0,0.0
HAG,10:28:22,Sell Down,2000,13500.0,0.0
HAG,10:28:22,Sell Down,20000,13500.0,0.0
HAG,10:27:56,Sell Down,500,13500.0,-50.0
HAG,10:27:43,Buy Up,200,13550.0,50.0
HAG,10:27:24,Sell Down,3000,13500.0,0.0
HAG,10:27:23,Sell Down,100,13500.0,-50.0
HAG,10:27:21,Buy Up,1000,13550.0,50.0
HAG,10:26:50,Sell Down,11000,13500.0,-50.0
HAG,10:26:34,Buy Up,2000,13550.0,50.0
HAG,10:26:27,Sell Down,100,13500.0,0.0
HAG,10:26:16,Sell Down,200,13500.0,0.0
HAG,10:26:02,Sell Down,10000,13500.0,0.0
HAG,10:25:41,Sell Down,2000,13500.0,0.0
HAG,10:25:24,Sell Down,1500,13500.0,0.0
HAG,10:25:18,Sell Down,10000,13500.0,0.0
HAG,10:25:07,Sell Down,12500,13500.0,0.0
HAG,10:23:59,Sell Down,6000,13500.0,0.0
HAG,10:23:48,Sell Down,20000,13500.0,0.0
HAG,10:23:14,Sell Down,5400,13500.0,0.0
HAG,10:23:04,Sell Down,3800,13500.0,-50.0
HAG,10:23:03,Buy Up,100,13550.0,50.0
HAG,10:22:01,Sell Down,10000,13500.0,0.0
HAG,10:21:42,Sell Down,1000,13500.0,0.0
HAG,10:21:16,Sell Down,300,13500.0,-50.0
HAG,10:20:49,Buy Up,9600,13550.0,0.0
HAG,10:20:49,Buy Up,5000,13550.0,0.0
HAG,10:20:49,Buy Up,1000,13550.0,0.0
HAG,10:20:49,Buy Up,1000,13550.0,0.0
HAG,10:20:49,Buy Up,10000,13550.0,0.0
HAG,10:20:49,Buy Up,1000,13550.0,0.0
HAG,10:20:49,Buy Up,2000,13550.0,0.0
HAG,10:20:49,Buy Up,10000,13550.0,0.0
HAG,10:20:49,Buy Up,300,13550.0,0.0
HAG,10:20:49,Buy Up,10000,13550.0,0.0
HAG,10:20:49,Buy Up,400,13550.0,0.0
HAG,10:20:48,Buy Up,100,13550.0,0.0
HAG,10:20:48,Buy Up,10000,13550.0,0.0
HAG,10:20:48,Buy Up,6000,13550.0,0.0
HAG,10:20:48,Buy Up,7000,13550.0,0.0
HAG,10:20:48,Buy Up,1000,13550.0,0.0
HAG,10:20:48,Buy Up,1000,13550.0,0.0
HAG,10:20:48,Buy Up,1000,13550.0,0.0
HAG,10:20:48,Buy Up,4200,13550.0,0.0
HAG,10:20:48,Buy Up,7000,13550.0,0.0
HAG,10:20:48,Buy Up,500,13550.0,0.0
HAG,10:20:48,Buy Up,5000,13550.0,0.0
HAG,10:20:48,Buy Up,1200,13550.0,0.0
HAG,10:20:48,Buy Up,800,13550.0,0.0
HAG,10:20:48,Buy Up,500,13550.0,0.0
HAG,10:20:48,Buy Up,4400,13550.0,50.0
HAG,10:20:08,Sell Down,3900,13500.0,0.0
HAG,10:19:52,Sell Down,5000,13500.0,0.0
HAG,10:19:48,Sell Down,17800,13500.0,0.0
HAG,10:19:48,Sell Down,2200,13500.0,0.0
HAG,10:19:37,Sell Down,200,13500.0,0.0
HAG,10:19:37,Sell Down,100,13500.0,0.0
HAG,10:19:37,Sell Down,100,13500.0,0.0
HAG,10:19:37,Sell Down,800,13500.0,0.0
HAG,10:19:37,Sell Down,400,13500.0,0.0
HAG,10:19:37,Sell Down,100,13500.0,0.0
HAG,10:19:37,Sell Down,900,13500.0,0.0
HAG,10:19:37,Sell Down,200,13500.0,0.0
HAG,10:19:37,Sell Down,200,13500.0,0.0
HAG,10:19:37,Sell Down,200,13500.0,0.0
HAG,10:19:02,Sell Down,2500,13500.0,0.0
HAG,10:19:02,Sell Down,5000,13500.0,0.0
HAG,10:19:02,Sell Down,500,13500.0,0.0
HAG,10:18:57,Sell Down,3000,13500.0,0.0
HAG,10:18:24,Sell Down,1000,13500.0,-50.0
HAG,10:18:20,Buy Up,100,13550.0,0.0
HAG,10:18:18,Buy Up,100,13550.0,0.0
HAG,10:17:43,Buy Up,400,13550.0,0.0
HAG,10:17:43,Buy Up,500,13550.0,0.0
HAG,10:17:30,Buy Up,1200,13550.0,0.0
HAG,10:17:13,Buy Up,100,13550.0,0.0
HAG,10:16:53,Buy Up,100,13550.0,50.0
HAG,10:16:41,Sell Down,800,13500.0,0.0
HAG,10:16:27,Sell Down,500,13500.0,-50.0
HAG,10:16:15,Buy Up,100,13550.0,50.0
HAG,10:16:03,Sell Down,300,13500.0,0.0
HAG,10:16:01,Sell Down,500,13500.0,0.0
HAG,10:15:45,Sell Down,2800,13500.0,0.0
HAG,10:15:45,Sell Down,1000,13500.0,0.0
HAG,10:15:45,Sell Down,100,13500.0,0.0
HAG,10:15:45,Sell Down,1000,13500.0,0.0
HAG,10:15:45,Sell Down,100,13500.0,0.0
HAG,10:15:45,Sell Down,5000,13500.0,0.0
HAG,10:15:43,Sell Down,2000,13500.0,0.0
HAG,10:15:40,Sell Down,500,13500.0,0.0
HAG,10:15:40,Sell Down,1000,13500.0,0.0
HAG,10:15:36,Sell Down,10000,13500.0,0.0
HAG,10:15:18,Sell Down,500,13500.0,0.0
HAG,10:15:18,Sell Down,500,13500.0,0.0
HAG,10:15:06,Sell Down,1200,13500.0,0.0
HAG,10:15:06,Sell Down,1500,13500.0,0.0
HAG,10:15:06,Sell Down,500,13500.0,0.0
HAG,10:15:06,Sell Down,300,13500.0,0.0
HAG,10:15:06,Sell Down,500,13500.0,0.0
HAG,10:15:06,Sell Down,1000,13500.0,0.0
HAG,10:15:06,Sell Down,200,13500.0,0.0
HAG,10:15:06,Sell Down,500,13500.0,0.0
HAG,10:15:06,Sell Down,500,13500.0,0.0
HAG,10:15:06,Sell Down,100,13500.0,0.0
HAG,10:15:05,Sell Down,3700,13500.0,0.0
HAG,10:15:01,Sell Down,600,13500.0,0.0
HAG,10:14:35,Sell Down,3700,13500.0,0.0
HAG,10:14:35,Sell Down,100,13500.0,0.0
HAG,10:14:35,Sell Down,200,13500.0,0.0
HAG,10:14:35,Sell Down,500,13500.0,0.0
HAG,10:14:35,Sell Down,5000,13500.0,0.0
HAG,10:14:35,Sell Down,2000,13500.0,0.0
HAG,10:14:35,Sell Down,100,13500.0,0.0
HAG,10:14:35,Sell Down,100,13500.0,0.0
HAG,10:14:35,Sell Down,500,13500.0,0.0
HAG,10:14:35,Sell Down,100,13500.0,0.0
HAG,10:14:35,Sell Down,3000,13500.0,0.0
HAG,10:14:35,Sell Down,500,13500.0,0.0
HAG,10:14:35,Sell Down,3000,13500.0,0.0
HAG,10:14:35,Sell Down,1200,13500.0,0.0
HAG,10:14:28,Sell Down,1000,13500.0,0.0
HAG,10:14:26,Sell Down,100,13500.0,0.0
HAG,10:14:04,Sell Down,500,13500.0,0.0
HAG,10:13:50,Sell Down,500,13500.0,0.0
HAG,10:13:10,Sell Down,500,13500.0,0.0
HAG,10:13:08,Sell Down,200,13500.0,-50.0
HAG,10:13:08,Buy Up,100,13550.0,50.0
HAG,10:13:07,Sell Down,100,13500.0,0.0
HAG,10:13:01,Sell Down,900,13500.0,0.0
HAG,10:13:01,Sell Down,100,13500.0,0.0
HAG,10:12:53,Sell Down,2500,13500.0,0.0
HAG,10:12:53,Sell Down,100,13500.0,0.0
HAG,10:12:53,Sell Down,500,13500.0,0.0
HAG,10:12:53,Sell Down,300,13500.0,0.0
HAG,10:12:53,Sell Down,100,13500.0,0.0
HAG,10:12:53,Sell Down,1000,13500.0,0.0
HAG,10:12:53,Sell Down,500,13500.0,0.0
HAG,10:12:53,Sell Down,5000,13500.0,0.0
