ticker,time,orderType,volume,price,prevPriceChange
CTG,10:27:11,Buy Up,300,27750.0,0.0
CTG,10:27:07,Buy Up,1600,27750.0,0.0
CTG,10:27:07,Buy Up,100,27750.0,0.0
CTG,10:27:07,Buy Up,1500,27750.0,0.0
CTG,10:27:07,Buy Up,100,27750.0,0.0
CTG,10:27:07,Buy Up,1700,27750.0,0.0
CTG,10:27:02,Buy Up,300,27750.0,50.0
CTG,10:26:59,Sell Down,1900,27700.0,-50.0
CTG,10:26:54,Buy Up,300,27750.0,0.0
CTG,10:26:54,Buy Up,100,27750.0,50.0
CTG,10:26:48,Sell Down,800,27700.0,-50.0
CTG,10:26:44,Buy Up,300,27750.0,0.0
CTG,10:26:35,Buy Up,300,27750.0,0.0
CTG,10:26:25,Buy Up,300,27750.0,0.0
CTG,10:26:17,Buy Up,300,27750.0,0.0
CTG,10:26:07,Buy Up,300,27750.0,50.0
CTG,10:26:01,Sell Down,800,27700.0,-50.0
CTG,10:25:59,Buy Up,300,27750.0,0.0
CTG,10:25:50,Buy Up,100,27750.0,0.0
CTG,10:25:50,Buy Up,200,27750.0,0.0
CTG,10:25:47,Buy Up,300,27750.0,0.0
CTG,10:25:47,Buy Up,1000,27750.0,0.0
CTG,10:25:47,Buy Up,200,27750.0,0.0
CTG,10:25:47,Buy Up,2200,27750.0,0.0
CTG,10:25:46,Buy Up,700,27750.0,50.0
CTG,10:25:45,Sell Down,500,27700.0,-50.0
CTG,10:25:41,Buy Up,300,27750.0,0.0
CTG,10:25:33,Buy Up,300,27750.0,0.0
CTG,10:25:23,Buy Up,300,27750.0,0.0
CTG,10:25:20,Buy Up,300,27750.0,50.0
CTG,10:25:06,Sell Down,200,27700.0,0.0
CTG,10:25:06,Sell Down,400,27700.0,-50.0
CTG,10:25:04,Buy Up,400,27750.0,0.0
CTG,10:24:55,Buy Up,300,27750.0,0.0
CTG,10:24:51,Buy Up,200,27750.0,0.0
CTG,10:24:51,Buy Up,100,27750.0,0.0
CTG,10:24:46,Buy Up,100,27750.0,0.0
CTG,10:24:46,Buy Up,200,27750.0,0.0
CTG,10:24:37,Buy Up,300,27750.0,0.0
CTG,10:24:29,Buy Up,400,27750.0,0.0
CTG,10:24:19,Buy Up,300,27750.0,0.0
CTG,10:24:15,Buy Up,4500,27750.0,0.0
CTG,10:24:10,Buy Up,300,27750.0,0.0
CTG,10:24:10,Buy Up,100,27750.0,0.0
CTG,10:24:01,Buy Up,100,27750.0,0.0
CTG,10:24:01,Buy Up,200,27750.0,50.0
CTG,10:23:57,Sell Down,100,27700.0,-50.0
CTG,10:23:54,Buy Up,300,27750.0,0.0
CTG,10:23:54,Buy Up,200,27750.0,0.0
CTG,10:23:52,Buy Up,300,27750.0,0.0
CTG,10:23:51,Buy Up,100,27750.0,0.0
CTG,10:23:43,Buy Up,400,27750.0,0.0
CTG,10:23:34,Buy Up,300,27750.0,0.0
CTG,10:23:25,Buy Up,300,27750.0,0.0
CTG,10:23:16,Buy Up,300,27750.0,0.0
CTG,10:23:11,Buy Up,3100,27750.0,0.0
CTG,10:23:11,Buy Up,500,27750.0,0.0
CTG,10:23:08,Buy Up,300,27750.0,0.0
CTG,10:22:58,Buy Up,300,27750.0,0.0
CTG,10:22:49,Buy Up,300,27750.0,0.0
CTG,10:22:40,Buy Up,300,27750.0,0.0
CTG,10:22:31,Buy Up,300,27750.0,0.0
CTG,10:22:22,Buy Up,300,27750.0,0.0
CTG,10:22:13,Buy Up,300,27750.0,50.0
CTG,10:22:08,Sell Down,1300,27700.0,-50.0
CTG,10:22:04,Buy Up,400,27750.0,0.0
CTG,10:21:55,Buy Up,300,27750.0,0.0
CTG,10:21:54,Buy Up,100,27750.0,0.0
CTG,10:21:54,Buy Up,900,27750.0,0.0
CTG,10:21:47,Buy Up,300,27750.0,0.0
CTG,10:21:43,Buy Up,500,27750.0,0.0
CTG,10:21:37,Buy Up,300,27750.0,0.0
CTG,10:21:34,Buy Up,100,27750.0,0.0
CTG,10:21:28,Buy Up,400,27750.0,0.0
CTG,10:21:19,Buy Up,400,27750.0,0.0
CTG,10:21:10,Buy Up,100,27750.0,0.0
CTG,10:21:10,Buy Up,100,27750.0,0.0
CTG,10:21:10,Buy Up,100,27750.0,0.0
CTG,10:21:10,Buy Up,200,27750.0,0.0
CTG,10:21:01,Buy Up,300,27750.0,0.0
CTG,10:20:52,Buy Up,300,27750.0,0.0
CTG,10:20:49,Buy Up,600,27750.0,0.0
CTG,10:20:49,Buy Up,400,27750.0,0.0
CTG,10:20:44,Buy Up,400,27750.0,0.0
CTG,10:20:42,Buy Up,600,27750.0,0.0
CTG,10:20:42,Buy Up,1400,27750.0,0.0
CTG,10:20:42,Buy Up,1400,27750.0,0.0
CTG,10:20:42,Buy Up,2000,27750.0,0.0
CTG,10:20:42,Buy Up,1400,27750.0,0.0
CTG,10:20:42,Buy Up,600,27750.0,0.0
CTG,10:20:34,Buy Up,400,27750.0,0.0
CTG,10:20:25,Buy Up,100,27750.0,0.0
CTG,10:20:25,Buy Up,300,27750.0,0.0
CTG,10:20:16,Buy Up,300,27750.0,0.0
CTG,10:20:12,Buy Up,900,27750.0,0.0
CTG,10:20:12,Buy Up,1400,27750.0,0.0
CTG,10:20:12,Buy Up,900,27750.0,0.0
CTG,10:20:12,Buy Up,1400,27750.0,0.0
CTG,10:20:12,Buy Up,400,27750.0,0.0
CTG,10:20:07,Buy Up,300,27750.0,50.0
CTG,10:20:05,Sell Down,100,27700.0,-50.0
CTG,10:19:58,Buy Up,300,27750.0,0.0
CTG,10:19:49,Buy Up,300,27750.0,0.0
CTG,10:19:40,Buy Up,100,27750.0,0.0
CTG,10:19:40,Buy Up,200,27750.0,0.0
CTG,10:19:39,Buy Up,300,27750.0,0.0
CTG,10:19:31,Buy Up,300,27750.0,0.0
CTG,10:19:22,Buy Up,400,27750.0,50.0
CTG,10:19:18,Sell Down,1300,27700.0,-50.0
CTG,10:19:13,Buy Up,200,27750.0,0.0
CTG,10:19:13,Buy Up,100,27750.0,0.0
CTG,10:19:04,Buy Up,300,27750.0,0.0
CTG,10:18:55,Buy Up,500,27750.0,0.0
CTG,10:18:55,Buy Up,100,27750.0,0.0
CTG,10:18:55,Buy Up,200,27750.0,0.0
CTG,10:18:46,Buy Up,300,27750.0,50.0
CTG,10:18:45,Sell Down,100,27700.0,-50.0
CTG,10:18:45,Buy Up,500,27750.0,0.0
CTG,10:18:45,Buy Up,1500,27750.0,0.0
CTG,10:18:37,Buy Up,400,27750.0,0.0
CTG,10:18:30,Buy Up,1200,27750.0,0.0
CTG,10:18:30,Buy Up,1000,27750.0,0.0
CTG,10:18:30,Buy Up,2000,27750.0,0.0
CTG,10:18:30,Buy Up,3000,27750.0,0.0
CTG,10:18:30,Buy Up,800,27750.0,0.0
CTG,10:18:28,Buy Up,400,27750.0,0.0
CTG,10:18:20,Buy Up,300,27750.0,0.0
CTG,10:18:10,Buy Up,300,27750.0,0.0
CTG,10:18:00,Buy Up,300,27750.0,0.0
CTG,10:17:52,Buy Up,400,27750.0,0.0
CTG,10:17:47,Buy Up,500,27750.0,0.0
CTG,10:17:47,Buy Up,200,27750.0,0.0
CTG,10:17:47,Buy Up,1000,27750.0,0.0
CTG,10:17:47,Buy Up,100,27750.0,0.0
CTG,10:17:47,Buy Up,6500,27750.0,0.0
CTG,10:17:47,Buy Up,1000,27750.0,0.0
CTG,10:17:47,Buy Up,100,27750.0,0.0
CTG,10:17:47,Buy Up,8000,27750.0,0.0
CTG,10:17:47,Buy Up,2600,27750.0,0.0
CTG,10:17:43,Buy Up,400,27750.0,0.0
CTG,10:17:40,Buy Up,200,27750.0,0.0
CTG,10:17:33,Buy Up,400,27750.0,50.0
CTG,10:17:31,Sell Down,100,27700.0,-50.0
CTG,10:17:25,Buy Up,400,27750.0,0.0
CTG,10:17:15,Buy Up,400,27750.0,0.0
CTG,10:17:06,Buy Up,300,27750.0,0.0
CTG,10:16:58,Buy Up,100,27750.0,0.0
CTG,10:16:58,Buy Up,300,27750.0,0.0
CTG,10:16:58,Buy Up,100,27750.0,0.0
CTG,10:16:58,Buy Up,300,27750.0,50.0
CTG,10:16:58,Sell Down,500,27700.0,-50.0
CTG,10:16:54,Buy Up,100,27750.0,0.0
CTG,10:16:54,Buy Up,200,27750.0,50.0
CTG,10:16:49,Sell Down,200,27700.0,-50.0
CTG,10:16:48,Buy Up,400,27750.0,0.0
CTG,10:16:39,Buy Up,300,27750.0,0.0
CTG,10:16:30,Buy Up,300,27750.0,0.0
CTG,10:16:21,Buy Up,400,27750.0,0.0
CTG,10:16:12,Buy Up,300,27750.0,0.0
CTG,10:16:11,Buy Up,8100,27750.0,0.0
CTG,10:16:11,Buy Up,100,27750.0,0.0
CTG,10:16:11,Buy Up,1800,27750.0,0.0
CTG,10:16:10,Buy Up,300,27750.0,50.0
CTG,10:16:08,Sell Down,500,27700.0,-50.0
CTG,10:16:03,Buy Up,400,27750.0,0.0
CTG,10:15:55,Buy Up,300,27750.0,0.0
CTG,10:15:54,Buy Up,1000,27750.0,0.0
CTG,10:15:45,Buy Up,400,27750.0,0.0
CTG,10:15:36,Buy Up,300,27750.0,50.0
CTG,10:15:29,Sell Down,800,27700.0,-50.0
CTG,10:15:27,Buy Up,300,27750.0,0.0
CTG,10:15:25,Buy Up,100,27750.0,0.0
CTG,10:15:25,Buy Up,200,27750.0,0.0
CTG,10:15:25,Buy Up,1800,27750.0,50.0
CTG,10:15:24,Sell Down,600,27700.0,-50.0
CTG,10:15:18,Buy Up,300,27750.0,0.0
CTG,10:15:09,Buy Up,400,27750.0,50.0
CTG,10:15:02,Sell Down,100,27700.0,0.0
CTG,10:15:02,Sell Down,400,27700.0,0.0
CTG,10:15:02,Sell Down,2000,27700.0,0.0
CTG,10:15:02,Buy Up,100,27700.0,0.0
CTG,10:15:02,Buy Up,8700,27700.0,0.0
CTG,10:15:02,Buy Up,2700,27700.0,0.0
CTG,10:15:00,Buy Up,1000,27700.0,0.0
CTG,10:15:00,Buy Up,300,27700.0,0.0
CTG,10:15:00,Buy Up,100,27700.0,0.0
CTG,10:15:00,Buy Up,600,27700.0,0.0
CTG,10:14:59,Buy Up,100,27700.0,0.0
CTG,10:14:58,Buy Up,3000,27700.0,0.0
CTG,10:14:52,Buy Up,300,27700.0,0.0
CTG,10:14:44,Buy Up,1000,27700.0,0.0
CTG,10:14:42,Buy Up,300,27700.0,0.0
CTG,10:14:41,Buy Up,600,27700.0,0.0
CTG,10:14:41,Buy Up,2000,27700.0,0.0
CTG,10:14:41,Buy Up,100,27700.0,0.0
CTG,10:14:41,Buy Up,300,27700.0,50.0
CTG,10:14:33,Sell Down,500,27650.0,-50.0
CTG,10:14:33,Buy Up,400,27700.0,0.0
CTG,10:14:26,Buy Up,600,27700.0,0.0
CTG,10:14:26,Buy Up,1400,27700.0,0.0
CTG,10:14:24,Buy Up,300,27700.0,0.0
CTG,10:14:19,Buy Up,400,27700.0,0.0
CTG,10:14:15,Buy Up,300,27700.0,0.0
CTG,10:14:10,Buy Up,400,27700.0,0.0
CTG,10:14:08,Buy Up,400,27700.0,0.0
CTG,10:14:08,Buy Up,10000,27700.0,0.0
CTG,10:14:06,Buy Up,300,27700.0,0.0
CTG,10:14:02,Buy Up,1300,27700.0,0.0
CTG,10:14:02,Buy Up,1600,27700.0,0.0
CTG,10:14:02,Buy Up,200,27700.0,0.0
CTG,10:14:02,Buy Up,200,27700.0,0.0
CTG,10:14:02,Buy Up,600,27700.0,0.0
CTG,10:14:02,Buy Up,200,27700.0,0.0
CTG,10:14:02,Buy Up,300,27700.0,0.0
CTG,10:14:01,Buy Up,200,27700.0,0.0
CTG,10:14:01,Buy Up,200,27700.0,0.0
CTG,10:14:01,Buy Up,200,27700.0,0.0
CTG,10:14:01,Buy Up,200,27700.0,0.0
CTG,10:14:01,Buy Up,2400,27700.0,0.0
CTG,10:14:01,Buy Up,200,27700.0,0.0
CTG,10:14:00,Buy Up,200,27700.0,0.0
CTG,10:14:00,Buy Up,1600,27700.0,0.0
CTG,10:14:00,Buy Up,100,27700.0,0.0
CTG,10:14:00,Buy Up,1200,27700.0,0.0
CTG,10:14:00,Buy Up,200,27700.0,0.0
CTG,10:14:00,Buy Up,100,27700.0,0.0
CTG,10:14:00,Buy Up,200,27700.0,0.0
CTG,10:14:00,Buy Up,500,27700.0,0.0
CTG,10:14:00,Buy Up,100,27700.0,0.0
CTG,10:13:57,Buy Up,400,27700.0,50.0
CTG,10:13:49,Sell Down,500,27650.0,-50.0
CTG,10:13:48,Buy Up,400,27700.0,0.0
CTG,10:13:39,Buy Up,300,27700.0,0.0
CTG,10:13:38,Buy Up,2000,27700.0,50.0
CTG,10:13:36,Sell Down,100,27650.0,-50.0
CTG,10:13:31,Buy Up,400,27700.0,0.0
CTG,10:13:27,Buy Up,1000,27700.0,0.0
CTG,10:13:21,Buy Up,400,27700.0,0.0
CTG,10:13:20,Buy Up,6800,27700.0,0.0
CTG,10:13:16,Buy Up,300,27700.0,0.0
CTG,10:13:12,Buy Up,300,27700.0,0.0
CTG,10:13:05,Buy Up,300,27700.0,50.0
CTG,10:13:04,Sell Down,600,27650.0,-50.0
CTG,10:13:03,Buy Up,300,27700.0,0.0
CTG,10:12:54,Buy Up,400,27700.0,0.0
CTG,10:12:52,Buy Up,2000,27700.0,0.0
CTG,10:12:45,Buy Up,300,27700.0,0.0
CTG,10:12:41,Buy Up,2000,27700.0,0.0
CTG,10:12:36,Buy Up,400,27700.0,0.0
CTG,10:12:27,Buy Up,400,27700.0,0.0
CTG,10:12:27,Buy Up,700,27700.0,0.0
CTG,10:12:25,Buy Up,5000,27700.0,0.0
CTG,10:12:23,Buy Up,200,27700.0,0.0
CTG,10:12:18,Buy Up,300,27700.0,50.0
CTG,10:12:11,Sell Down,600,27650.0,-50.0
CTG,10:12:09,Buy Up,400,27700.0,0.0
CTG,10:11:51,Buy Up,300,27700.0,0.0
CTG,10:11:51,Buy Up,400,27700.0,0.0
CTG,10:11:51,Buy Up,400,27700.0,0.0
CTG,10:11:51,Buy Up,600,27700.0,0.0
CTG,10:11:51,Buy Up,1000,27700.0,0.0
CTG,10:11:51,Buy Up,500,27700.0,0.0
CTG,10:11:51,Buy Up,100,27700.0,0.0
CTG,10:11:51,Buy Up,1000,27700.0,0.0
CTG,10:11:51,Buy Up,100,27700.0,0.0
CTG,10:11:51,Buy Up,200,27700.0,0.0
CTG,10:11:51,Buy Up,500,27700.0,0.0
CTG,10:11:51,Buy Up,1000,27700.0,0.0
CTG,10:11:51,Buy Up,1000,27700.0,0.0
CTG,10:11:51,Buy Up,100,27700.0,0.0
CTG,10:11:51,Buy Up,100,27700.0,0.0
CTG,10:11:51,Buy Up,1000,27700.0,0.0
CTG,10:11:51,Buy Up,5000,27700.0,0.0
CTG,10:11:51,Buy Up,200,27700.0,0.0
CTG,10:11:51,Buy Up,400,27700.0,0.0
CTG,10:11:51,Buy Up,400,27700.0,0.0
CTG,10:11:51,Buy Up,500,27700.0,0.0
CTG,10:11:51,Buy Up,1000,27700.0,0.0
CTG,10:11:51,Buy Up,1000,27700.0,0.0
CTG,10:11:51,Buy Up,5000,27700.0,0.0
CTG,10:11:51,Buy Up,200,27700.0,0.0
CTG,10:11:51,Buy Up,4000,27700.0,0.0
CTG,10:11:51,Buy Up,100,27700.0,0.0
CTG,10:11:51,Buy Up,1000,27700.0,0.0
CTG,10:11:51,Buy Up,500,27700.0,0.0
CTG,10:11:51,Buy Up,500,27700.0,0.0
CTG,10:11:51,Buy Up,400,27700.0,-50.0
CTG,10:11:49,Buy Up,300,27750.0,0.0
CTG,10:11:40,Buy Up,400,27750.0,0.0
CTG,10:11:31,Buy Up,400,27750.0,0.0
CTG,10:11:23,Buy Up,400,27750.0,50.0
CTG,10:11:22,Sell Down,100,27700.0,0.0
CTG,10:11:22,Sell Down,100,27700.0,0.0
CTG,10:11:22,Sell Down,300,27700.0,-50.0
CTG,10:11:13,Buy Up,300,27750.0,0.0
CTG,10:11:04,Buy Up,400,27750.0,0.0
CTG,10:11:00,Buy Up,100,27750.0,0.0
CTG,10:10:55,Buy Up,400,27750.0,0.0
CTG,10:10:46,Buy Up,400,27750.0,0.0
CTG,10:10:37,Buy Up,300,27750.0,50.0
CTG,10:10:36,Sell Down,600,27700.0,-50.0
CTG,10:10:28,Buy Up,300,27750.0,0.0
CTG,10:10:25,Buy Up,1000,27750.0,0.0
CTG,10:10:19,Buy Up,300,27750.0,0.0
CTG,10:10:18,Buy Up,10000,27750.0,0.0
CTG,10:10:16,Buy Up,2500,27750.0,0.0
CTG,10:10:16,Buy Up,200,27750.0,0.0
CTG,10:10:16,Buy Up,100,27750.0,0.0
CTG,10:10:16,Buy Up,200,27750.0,0.0
CTG,10:10:10,Buy Up,500,27750.0,0.0
CTG,10:10:10,Buy Up,300,27750.0,0.0
CTG,10:10:06,Buy Up,100,27750.0,0.0
CTG,10:10:02,Buy Up,100,27750.0,0.0
CTG,10:10:02,Buy Up,300,27750.0,0.0
CTG,10:10:00,Buy Up,1000,27750.0,0.0
CTG,10:09:58,Buy Up,700,27750.0,0.0
CTG,10:09:52,Buy Up,400,27750.0,50.0
CTG,10:09:46,Sell Down,500,27700.0,-50.0
CTG,10:09:43,Buy Up,300,27750.0,0.0
CTG,10:09:33,Buy Up,300,27750.0,0.0
CTG,10:09:33,Buy Up,1000,27750.0,0.0
CTG,10:09:25,Buy Up,2300,27750.0,0.0
CTG,10:09:25,Buy Up,400,27750.0,0.0
CTG,10:09:25,Buy Up,100,27750.0,0.0
CTG,10:09:25,Buy Up,1000,27750.0,0.0
CTG,10:09:25,Buy Up,1200,27750.0,0.0
CTG,10:09:24,Buy Up,300,27750.0,0.0
CTG,10:09:16,Buy Up,400,27750.0,0.0
CTG,10:09:11,Buy Up,100,27750.0,0.0
CTG,10:09:11,Buy Up,200,27750.0,0.0
CTG,10:09:11,Buy Up,100,27750.0,0.0
CTG,10:09:11,Buy Up,500,27750.0,0.0
CTG,10:09:11,Buy Up,500,27750.0,0.0
CTG,10:09:11,Buy Up,1500,27750.0,0.0
CTG,10:09:11,Buy Up,100,27750.0,0.0
CTG,10:09:06,Buy Up,300,27750.0,50.0
CTG,10:09:04,Sell Down,500,27700.0,-50.0
CTG,10:09:00,Buy Up,100,27750.0,0.0
CTG,10:08:59,Buy Up,400,27750.0,50.0
CTG,10:08:56,Sell Down,500,27700.0,-50.0
CTG,10:08:54,Buy Up,200,27750.0,0.0
CTG,10:08:48,Buy Up,100,27750.0,0.0
CTG,10:08:48,Buy Up,300,27750.0,0.0
CTG,10:08:48,Buy Up,500,27750.0,0.0
CTG,10:08:45,Buy Up,2000,27750.0,0.0
CTG,10:08:40,Buy Up,300,27750.0,0.0
CTG,10:08:34,Buy Up,1000,27750.0,0.0
CTG,10:08:31,Buy Up,300,27750.0,0.0
CTG,10:08:31,Buy Up,1400,27750.0,0.0
CTG,10:08:31,Buy Up,500,27750.0,0.0
CTG,10:08:31,Buy Up,100,27750.0,50.0
CTG,10:08:27,Sell Down,100,27700.0,0.0
CTG,10:08:26,Sell Down,1300,27700.0,-50.0
CTG,10:08:21,Buy Up,300,27750.0,0.0
CTG,10:08:15,Buy Up,100,27750.0,0.0
CTG,10:08:15,Buy Up,100,27750.0,0.0
CTG,10:08:15,Buy Up,500,27750.0,0.0
CTG,10:08:15,Buy Up,2000,27750.0,50.0
CTG,10:08:14,Sell Down,600,27700.0,-50.0
CTG,10:08:12,Buy Up,300,27750.0,0.0
CTG,10:08:09,Buy Up,5000,27750.0,0.0
CTG,10:08:03,Buy Up,300,27750.0,0.0
CTG,10:07:58,Buy Up,4400,27750.0,0.0
CTG,10:07:58,Buy Up,600,27750.0,0.0
CTG,10:07:56,Buy Up,400,27750.0,50.0
CTG,10:07:49,Sell Down,100,27700.0,-50.0
CTG,10:07:45,Buy Up,300,27750.0,0.0
CTG,10:07:36,Buy Up,400,27750.0,50.0
CTG,10:07:34,Sell Down,1300,27700.0,-50.0
CTG,10:07:27,Buy Up,400,27750.0,50.0
CTG,10:07:19,Sell Down,500,27700.0,-50.0
CTG,10:07:18,Buy Up,300,27750.0,0.0
CTG,10:07:14,Buy Up,100,27750.0,0.0
CTG,10:07:10,Buy Up,400,27750.0,0.0
CTG,10:07:00,Buy Up,100,27750.0,0.0
CTG,10:07:00,Buy Up,300,27750.0,0.0
CTG,10:06:52,Buy Up,400,27750.0,0.0
CTG,10:06:51,Buy Up,300,27750.0,0.0
CTG,10:06:51,Buy Up,700,27750.0,50.0
CTG,10:06:43,Sell Down,100,27700.0,-50.0
CTG,10:06:42,Buy Up,300,27750.0,0.0
CTG,10:06:42,Buy Up,1800,27750.0,0.0
CTG,10:06:42,Buy Up,1000,27750.0,0.0
CTG,10:06:42,Buy Up,700,27750.0,0.0
CTG,10:06:42,Buy Up,5000,27750.0,0.0
CTG,10:06:42,Buy Up,100,27750.0,0.0
CTG,10:06:42,Buy Up,200,27750.0,0.0
CTG,10:06:42,Buy Up,100,27750.0,0.0
CTG,10:06:42,Buy Up,2000,27750.0,0.0
CTG,10:06:42,Buy Up,3000,27750.0,0.0
CTG,10:06:42,Buy Up,100,27750.0,0.0
CTG,10:06:42,Buy Up,1000,27750.0,0.0
CTG,10:06:39,Buy Up,1000,27750.0,0.0
CTG,10:06:39,Buy Up,200,27750.0,0.0
CTG,10:06:39,Buy Up,100,27750.0,0.0
CTG,10:06:39,Buy Up,3600,27750.0,0.0
CTG,10:06:36,Buy Up,1000,27750.0,50.0
CTG,10:06:34,Sell Down,500,27700.0,-50.0
CTG,10:06:34,Buy Up,300,27750.0,0.0
CTG,10:06:24,Buy Up,300,27750.0,50.0
CTG,10:06:21,Sell Down,1300,27700.0,-50.0
CTG,10:06:15,Buy Up,300,27750.0,0.0
CTG,10:06:06,Buy Up,1000,27750.0,0.0
CTG,10:06:06,Buy Up,300,27750.0,0.0
CTG,10:06:00,Buy Up,100,27750.0,0.0
CTG,10:05:57,Buy Up,300,27750.0,50.0
CTG,10:05:57,Sell Down,3000,27700.0,-50.0
CTG,10:05:57,Buy Up,100,27750.0,50.0
CTG,10:05:50,Sell Down,600,27700.0,-50.0
CTG,10:05:48,Buy Up,400,27750.0,50.0
CTG,10:05:40,Sell Down,2000,27700.0,-50.0
CTG,10:05:40,Buy Up,400,27750.0,0.0
CTG,10:05:39,Buy Up,400,27750.0,50.0
CTG,10:05:32,Sell Down,1300,27700.0,0.0
CTG,10:05:32,Sell Down,200,27700.0,-50.0
CTG,10:05:31,Buy Up,100,27750.0,0.0
CTG,10:05:31,Buy Up,200,27750.0,0.0
CTG,10:05:21,Buy Up,300,27750.0,50.0
CTG,10:05:14,Sell Down,2200,27700.0,-50.0
CTG,10:05:12,Buy Up,400,27750.0,0.0
CTG,10:05:07,Buy Up,500,27750.0,50.0
CTG,10:05:05,Sell Down,600,27700.0,-50.0
CTG,10:05:03,Buy Up,300,27750.0,50.0
CTG,10:05:02,Sell Down,1300,27700.0,-50.0
CTG,10:05:00,Buy Up,100,27750.0,0.0
CTG,10:04:59,Buy Up,100,27750.0,0.0
CTG,10:04:54,Buy Up,300,27750.0,50.0
CTG,10:04:51,Sell Down,1000,27700.0,-50.0
CTG,10:04:45,Buy Up,300,27750.0,0.0
CTG,10:04:39,Buy Up,600,27750.0,0.0
CTG,10:04:38,Buy Up,1000,27750.0,0.0
CTG,10:04:36,Buy Up,400,27750.0,0.0
CTG,10:04:31,Buy Up,100,27750.0,0.0
CTG,10:04:27,Buy Up,400,27750.0,0.0
CTG,10:04:18,Buy Up,400,27750.0,0.0
CTG,10:04:13,Buy Up,100,27750.0,0.0
CTG,10:04:12,Buy Up,100,27750.0,0.0
CTG,10:04:08,Buy Up,400,27750.0,0.0
CTG,10:04:03,Buy Up,100,27750.0,0.0
CTG,10:04:02,Buy Up,1300,27750.0,0.0
CTG,10:04:02,Buy Up,1600,27750.0,0.0
CTG,10:04:02,Buy Up,200,27750.0,0.0
CTG,10:04:02,Buy Up,200,27750.0,0.0
CTG,10:04:02,Buy Up,600,27750.0,0.0
CTG,10:04:02,Buy Up,200,27750.0,0.0
CTG,10:04:02,Buy Up,300,27750.0,0.0
CTG,10:04:02,Buy Up,500,27750.0,0.0
CTG,10:04:01,Buy Up,200,27750.0,0.0
CTG,10:04:01,Buy Up,200,27750.0,0.0
CTG,10:04:01,Buy Up,200,27750.0,0.0
CTG,10:04:01,Buy Up,200,27750.0,0.0
CTG,10:04:00,Buy Up,2500,27750.0,0.0
CTG,10:04:00,Buy Up,500,27750.0,0.0
CTG,10:04:00,Buy Up,200,27750.0,0.0
CTG,10:04:00,Buy Up,1600,27750.0,0.0
CTG,10:04:00,Buy Up,100,27750.0,0.0
CTG,10:04:00,Buy Up,200,27750.0,0.0
CTG,10:04:00,Buy Up,200,27750.0,0.0
CTG,10:04:00,Buy Up,200,27750.0,0.0
CTG,10:04:00,Buy Up,100,27750.0,0.0
CTG,10:04:00,Buy Up,200,27750.0,0.0
CTG,10:04:00,Buy Up,1200,27750.0,0.0
CTG,10:03:57,Buy Up,300,27750.0,0.0
CTG,10:03:56,Sell Down,400,27750.0,0.0
CTG,10:03:56,Sell Down,1000,27750.0,-50.0
CTG,10:03:48,Buy Up,400,27800.0,0.0
CTG,10:03:40,Buy Up,300,27800.0,50.0
CTG,10:03:37,Sell Down,100,27750.0,0.0
CTG,10:03:37,Sell Down,200,27750.0,-50.0
CTG,10:03:30,Buy Up,300,27800.0,50.0
CTG,10:03:26,Sell Down,100,27750.0,0.0
CTG,10:03:26,Sell Down,500,27750.0,-50.0
CTG,10:03:24,Buy Up,100,27800.0,50.0
CTG,10:03:23,Sell Down,200,27750.0,-50.0
CTG,10:03:21,Buy Up,300,27800.0,50.0
CTG,10:03:18,Sell Down,100,27750.0,0.0
CTG,10:03:18,Sell Down,3000,27750.0,0.0
CTG,10:03:18,Sell Down,100,27750.0,0.0
CTG,10:03:18,Sell Down,100,27750.0,0.0
CTG,10:03:18,Sell Down,600,27750.0,50.0
CTG,10:03:16,Sell Down,3200,27700.0,-50.0
CTG,10:03:15,Buy Up,400,27750.0,0.0
CTG,10:03:15,Buy Up,400,27750.0,0.0
CTG,10:03:15,Buy Up,200,27750.0,0.0
CTG,10:03:15,Buy Up,1000,27750.0,0.0
CTG,10:03:12,Buy Up,400,27750.0,0.0
CTG,10:03:07,Buy Up,600,27750.0,0.0
CTG,10:03:07,Buy Up,100,27750.0,0.0
CTG,10:03:07,Buy Up,700,27750.0,0.0
CTG,10:03:07,Buy Up,1200,27750.0,0.0
CTG,10:03:07,Buy Up,500,27750.0,0.0
CTG,10:03:07,Buy Up,1200,27750.0,0.0
CTG,10:03:07,Buy Up,5000,27750.0,0.0
CTG,10:03:07,Buy Up,100,27750.0,0.0
CTG,10:03:07,Buy Up,600,27750.0,0.0
CTG,10:03:03,Buy Up,100,27750.0,0.0
CTG,10:03:03,Buy Up,300,27750.0,0.0
CTG,10:03:03,Buy Up,100,27750.0,0.0
CTG,10:02:54,Buy Up,400,27750.0,50.0
CTG,10:02:49,Sell Down,600,27700.0,-50.0
CTG,10:02:49,Sell Down,600,27700.0,-50.0
CTG,10:02:45,Buy Up,400,27750.0,0.0
CTG,10:02:43,Buy Up,1000,27750.0,50.0
CTG,10:02:42,Sell Down,600,27700.0,0.0
CTG,10:02:41,Sell Down,500,27700.0,0.0
CTG,10:02:38,Sell Down,600,27700.0,-50.0
CTG,10:02:37,Buy Up,200,27750.0,0.0
CTG,10:02:36,Buy Up,300,27750.0,50.0
CTG,10:02:31,Sell Down,600,27700.0,0.0
CTG,10:02:27,Sell Down,600,27700.0,-50.0
CTG,10:02:27,Buy Up,300,27750.0,0.0
CTG,10:02:25,Buy Up,600,27750.0,50.0
CTG,10:02:23,Sell Down,600,27700.0,-50.0
CTG,10:02:18,Buy Up,300,27750.0,0.0
CTG,10:02:14,Buy Up,100,27750.0,0.0
CTG,10:02:12,Buy Up,5000,27750.0,0.0
CTG,10:02:09,Buy Up,400,27750.0,0.0
CTG,10:02:05,Buy Up,900,27750.0,0.0
CTG,10:02:05,Buy Up,100,27750.0,0.0
CTG,10:02:02,Buy Up,900,27750.0,0.0
CTG,10:02:00,Buy Up,100,27750.0,0.0
CTG,10:02:00,Buy Up,200,27750.0,0.0
CTG,10:01:54,Buy Up,500,27750.0,0.0
CTG,10:01:50,Buy Up,400,27750.0,0.0
CTG,10:01:42,Buy Up,400,27750.0,0.0
CTG,10:01:39,Buy Up,500,27750.0,0.0
CTG,10:01:39,Buy Up,1000,27750.0,0.0
CTG,10:01:39,Buy Up,100,27750.0,0.0
CTG,10:01:39,Buy Up,400,27750.0,0.0
CTG,10:01:39,Buy Up,500,27750.0,0.0
CTG,10:01:39,Buy Up,400,27750.0,0.0
CTG,10:01:39,Buy Up,100,27750.0,0.0
CTG,10:01:39,Buy Up,100,27750.0,0.0
CTG,10:01:39,Buy Up,2000,27750.0,0.0
CTG,10:01:39,Buy Up,500,27750.0,0.0
CTG,10:01:39,Buy Up,1000,27750.0,0.0
CTG,10:01:39,Buy Up,1200,27750.0,0.0
CTG,10:01:36,Buy Up,1800,27750.0,0.0
CTG,10:01:36,Buy Up,1000,27750.0,0.0
CTG,10:01:36,Buy Up,200,27750.0,0.0
CTG,10:01:36,Buy Up,100,27750.0,0.0
CTG,10:01:36,Buy Up,100,27750.0,0.0
CTG,10:01:36,Buy Up,500,27750.0,0.0
CTG,10:01:36,Buy Up,1000,27750.0,0.0
CTG,10:01:36,Buy Up,6000,27750.0,0.0
CTG,10:01:36,Buy Up,6000,27750.0,0.0
CTG,10:01:36,Buy Up,300,27750.0,0.0
CTG,10:01:36,Buy Up,500,27750.0,0.0
CTG,10:01:36,Buy Up,100,27750.0,0.0
CTG,10:01:36,Buy Up,2400,27750.0,0.0
CTG,10:01:33,Buy Up,300,27750.0,50.0
CTG,10:01:29,Sell Down,3000,27700.0,-50.0
CTG,10:01:24,Buy Up,400,27750.0,0.0
CTG,10:01:23,Buy Up,600,27750.0,0.0
CTG,10:01:16,Buy Up,300,27750.0,0.0
CTG,10:01:16,Buy Up,300,27750.0,50.0
CTG,10:01:09,Sell Down,600,27700.0,0.0
CTG,10:01:09,Sell Down,500,27700.0,-50.0
CTG,10:01:06,Buy Up,300,27750.0,50.0
CTG,10:01:04,Sell Down,600,27700.0,-50.0
CTG,10:01:04,Buy Up,400,27750.0,0.0
CTG,10:01:04,Buy Up,600,27750.0,0.0
CTG,10:01:03,Buy Up,300,27750.0,0.0
CTG,10:01:03,Buy Up,400,27750.0,0.0
CTG,10:01:03,Buy Up,800,27750.0,0.0
CTG,10:01:03,Buy Up,300,27750.0,0.0
CTG,10:01:03,Buy Up,1000,27750.0,0.0
CTG,10:01:03,Buy Up,1200,27750.0,0.0
CTG,10:00:56,Buy Up,300,27750.0,0.0
CTG,10:00:56,Buy Up,100,27750.0,0.0
CTG,10:00:48,Buy Up,300,27750.0,0.0
CTG,10:00:48,Buy Up,100,27750.0,0.0
CTG,10:00:44,Buy Up,1000,27750.0,50.0
CTG,10:00:42,Sell Down,500,27700.0,-50.0
CTG,10:00:38,Buy Up,400,27750.0,50.0
CTG,10:00:36,Sell Down,200,27700.0,-50.0
CTG,10:00:30,Buy Up,300,27750.0,0.0
CTG,10:00:29,Buy Up,200,27750.0,0.0
CTG,10:00:29,Buy Up,100,27750.0,0.0
CTG,10:00:29,Buy Up,1000,27750.0,50.0
CTG,10:00:25,Sell Down,600,27700.0,-50.0
CTG,10:00:24,Buy Up,3000,27750.0,0.0
CTG,10:00:20,Buy Up,400,27750.0,0.0
CTG,10:00:18,Buy Up,600,27750.0,0.0
CTG,10:00:18,Buy Up,10000,27750.0,0.0
CTG,10:00:18,Buy Up,2000,27750.0,0.0
CTG,10:00:18,Buy Up,100,27750.0,0.0
CTG,10:00:18,Buy Up,1000,27750.0,0.0
CTG,10:00:18,Buy Up,200,27750.0,0.0
CTG,10:00:18,Buy Up,100,27750.0,0.0
CTG,10:00:18,Buy Up,6000,27750.0,50.0
CTG,10:00:13,Sell Down,1900,27700.0,-50.0
CTG,10:00:12,Buy Up,200,27750.0,0.0
CTG,10:00:12,Buy Up,100,27750.0,0.0
CTG,10:00:12,Buy Up,100,27750.0,50.0
CTG,10:00:07,Sell Down,100,27700.0,-50.0
CTG,10:00:02,Buy Up,300,27750.0,0.0
CTG,09:59:55,Buy Up,200,27750.0,0.0
CTG,09:59:53,Buy Up,300,27750.0,0.0
CTG,09:59:44,Buy Up,400,27750.0,50.0
CTG,09:59:44,Sell Down,600,27700.0,-50.0
CTG,09:59:40,Buy Up,200,27750.0,0.0
CTG,09:59:40,Buy Up,2000,27750.0,0.0
CTG,09:59:40,Buy Up,2800,27750.0,50.0
CTG,09:59:36,Sell Down,500,27700.0,-50.0
CTG,09:59:35,Buy Up,300,27750.0,0.0
CTG,09:59:29,Buy Up,100,27750.0,0.0
CTG,09:59:26,Buy Up,300,27750.0,0.0
CTG,09:59:17,Buy Up,400,27750.0,0.0
CTG,09:59:12,Buy Up,1000,27750.0,0.0
CTG,09:59:09,Buy Up,400,27750.0,50.0
CTG,09:59:07,Sell Down,600,27700.0,-50.0
CTG,09:58:59,Buy Up,300,27750.0,0.0
CTG,09:58:50,Buy Up,300,27750.0,50.0
CTG,09:58:48,Sell Down,500,27700.0,-50.0
CTG,09:58:41,Buy Up,300,27750.0,0.0
CTG,09:58:32,Buy Up,400,27750.0,0.0
CTG,09:58:23,Buy Up,300,27750.0,0.0
CTG,09:58:14,Buy Up,300,27750.0,50.0
CTG,09:58:11,Sell Down,100,27700.0,-50.0
CTG,09:58:05,Buy Up,300,27750.0,50.0
CTG,09:58:04,Sell Down,500,27700.0,-50.0
CTG,09:57:56,Buy Up,300,27750.0,50.0
CTG,09:57:51,Sell Down,1500,27700.0,0.0
CTG,09:57:49,Sell Down,1200,27700.0,-50.0
CTG,09:57:48,Buy Up,400,27750.0,50.0
CTG,09:57:44,Sell Down,300,27700.0,-50.0
CTG,09:57:38,Buy Up,400,27750.0,50.0
CTG,09:57:34,Sell Down,600,27700.0,-50.0
CTG,09:57:30,Buy Up,300,27750.0,50.0
CTG,09:57:29,Sell Down,600,27700.0,0.0
CTG,09:57:23,Sell Down,600,27700.0,-50.0
CTG,09:57:20,Buy Up,400,27750.0,50.0
CTG,09:57:20,Sell Down,600,27700.0,0.0
CTG,09:57:17,Sell Down,600,27700.0,0.0
CTG,09:57:14,Sell Down,600,27700.0,-50.0
CTG,09:57:11,Buy Up,400,27750.0,0.0
CTG,09:57:11,Buy Up,300,27750.0,50.0
CTG,09:57:09,Sell Down,600,27700.0,0.0
CTG,09:57:04,Sell Down,600,27700.0,0.0
CTG,09:57:02,Buy Up,1400,27700.0,0.0
CTG,09:57:02,Buy Up,1000,27700.0,0.0
CTG,09:57:02,Buy Up,2000,27700.0,0.0
CTG,09:57:02,Buy Up,1000,27700.0,0.0
CTG,09:57:02,Buy Up,100,27700.0,0.0
CTG,09:57:02,Buy Up,500,27700.0,0.0
CTG,09:57:02,Buy Up,3000,27700.0,0.0
CTG,09:57:02,Buy Up,1400,27700.0,0.0
CTG,09:57:02,Buy Up,100,27700.0,0.0
CTG,09:57:02,Buy Up,100,27700.0,0.0
CTG,09:57:02,Buy Up,1400,27700.0,0.0
CTG,09:57:02,Buy Up,200,27700.0,0.0
CTG,09:57:02,Buy Up,1400,27700.0,0.0
CTG,09:57:02,Buy Up,1000,27700.0,0.0
CTG,09:57:02,Buy Up,8000,27700.0,0.0
CTG,09:57:02,Buy Up,500,27700.0,0.0
CTG,09:57:02,Buy Up,100,27700.0,0.0
CTG,09:57:02,Buy Up,100,27700.0,0.0
CTG,09:57:02,Buy Up,500,27700.0,0.0
CTG,09:57:02,Buy Up,2600,27700.0,0.0
CTG,09:57:02,Buy Up,300,27700.0,0.0
CTG,09:57:02,Buy Up,500,27700.0,0.0
CTG,09:57:02,Buy Up,200,27700.0,0.0
CTG,09:57:02,Buy Up,2600,27700.0,0.0
CTG,09:57:02,Buy Up,1000,27700.0,0.0
CTG,09:57:02,Buy Up,500,27700.0,0.0
CTG,09:57:02,Buy Up,5000,27700.0,0.0
CTG,09:57:02,Buy Up,100,27700.0,0.0
CTG,09:57:02,Buy Up,500,27700.0,0.0
CTG,09:57:02,Buy Up,100,27700.0,0.0
CTG,09:57:02,Buy Up,2000,27700.0,0.0
CTG,09:57:02,Buy Up,2600,27700.0,0.0
CTG,09:57:02,Buy Up,1300,27700.0,0.0
CTG,09:57:02,Buy Up,100,27700.0,0.0
CTG,09:57:02,Buy Up,200,27700.0,0.0
CTG,09:57:02,Buy Up,2000,27700.0,0.0
CTG,09:57:02,Buy Up,5000,27700.0,0.0
CTG,09:57:02,Buy Up,1600,27700.0,0.0
CTG,09:57:02,Buy Up,200,27700.0,0.0
CTG,09:57:02,Buy Up,200,27700.0,0.0
CTG,09:57:02,Buy Up,1000,27700.0,0.0
CTG,09:57:02,Buy Up,2000,27700.0,0.0
CTG,09:57:02,Buy Up,500,27700.0,0.0
CTG,09:57:02,Buy Up,200,27700.0,0.0
CTG,09:57:02,Buy Up,200,27700.0,0.0
CTG,09:57:02,Buy Up,100,27700.0,0.0
CTG,09:57:02,Buy Up,100,27700.0,0.0
CTG,09:57:02,Buy Up,400,27700.0,0.0
CTG,09:57:02,Buy Up,1000,27700.0,0.0
CTG,09:57:02,Buy Up,100,27700.0,0.0
CTG,09:57:02,Buy Up,3700,27700.0,50.0
CTG,09:56:58,Sell Down,600,27650.0,-50.0
CTG,09:56:54,Buy Up,300,27700.0,50.0
CTG,09:56:51,Sell Down,600,27650.0,-50.0
CTG,09:56:47,Buy Up,300,27700.0,50.0
CTG,09:56:46,Sell Down,600,27650.0,0.0
CTG,09:56:45,Sell Down,600,27650.0,0.0
CTG,09:56:45,Sell Down,400,27650.0,0.0
CTG,09:56:45,Sell Down,200,27650.0,0.0
CTG,09:56:45,Sell Down,200,27650.0,0.0
CTG,09:56:45,Sell Down,200,27650.0,0.0
CTG,09:56:42,Sell Down,600,27650.0,0.0
CTG,09:56:38,Sell Down,600,27650.0,-50.0
CTG,09:56:35,Buy Up,300,27700.0,0.0
CTG,09:56:35,Buy Up,500,27700.0,0.0
CTG,09:56:34,Buy Up,2000,27700.0,50.0
CTG,09:56:34,Sell Down,500,27650.0,-50.0
CTG,09:56:34,Buy Up,1000,27700.0,50.0
CTG,09:56:31,Sell Down,600,27650.0,-50.0
CTG,09:56:27,Buy Up,400,27700.0,50.0
CTG,09:56:26,Sell Down,600,27650.0,0.0
CTG,09:56:22,Sell Down,600,27650.0,-50.0
CTG,09:56:18,Buy Up,400,27700.0,50.0
CTG,09:56:16,Sell Down,600,27650.0,0.0
CTG,09:56:10,Sell Down,5300,27650.0,0.0
CTG,09:56:10,Sell Down,600,27650.0,0.0
CTG,09:56:10,Sell Down,1200,27650.0,0.0
CTG,09:56:10,Sell Down,100,27650.0,0.0
CTG,09:56:10,Sell Down,800,27650.0,-50.0
CTG,09:56:08,Buy Up,400,27700.0,0.0
CTG,09:55:59,Buy Up,300,27700.0,0.0
CTG,09:55:50,Buy Up,400,27700.0,0.0
CTG,09:55:49,Buy Up,500,27700.0,50.0
CTG,09:55:47,Sell Down,600,27650.0,-50.0
CTG,09:55:43,Buy Up,400,27700.0,0.0
CTG,09:55:37,Buy Up,100,27700.0,0.0
CTG,09:55:35,Buy Up,4000,27700.0,0.0
CTG,09:55:35,Buy Up,100,27700.0,0.0
CTG,09:55:35,Buy Up,100,27700.0,0.0
CTG,09:55:35,Buy Up,100,27700.0,0.0
CTG,09:55:35,Buy Up,500,27700.0,0.0
CTG,09:55:35,Buy Up,5200,27700.0,0.0
CTG,09:55:32,Buy Up,300,27700.0,0.0
CTG,09:55:29,Buy Up,300,27700.0,50.0
CTG,09:55:26,Sell Down,600,27650.0,-50.0
CTG,09:55:23,Buy Up,400,27700.0,50.0
CTG,09:55:16,Sell Down,2800,27650.0,0.0
CTG,09:55:16,Sell Down,1000,27650.0,0.0
CTG,09:55:16,Sell Down,100,27650.0,0.0
CTG,09:55:16,Sell Down,1500,27650.0,0.0
CTG,09:55:16,Sell Down,500,27650.0,0.0
CTG,09:55:16,Sell Down,500,27650.0,0.0
CTG,09:55:16,Sell Down,1500,27650.0,0.0
CTG,09:55:16,Sell Down,100,27650.0,-50.0
CTG,09:55:15,Buy Up,100,27700.0,0.0
CTG,09:55:14,Buy Up,400,27700.0,0.0
CTG,09:55:14,Buy Up,1000,27700.0,0.0
CTG,09:55:10,Buy Up,400,27700.0,0.0
CTG,09:55:06,Buy Up,400,27700.0,0.0
CTG,09:55:05,Buy Up,100,27700.0,0.0
CTG,09:55:05,Buy Up,100,27700.0,0.0
CTG,09:55:05,Buy Up,100,27700.0,0.0
CTG,09:55:04,Buy Up,100,27700.0,0.0
CTG,09:55:04,Buy Up,100,27700.0,0.0
CTG,09:55:04,Buy Up,1300,27700.0,0.0
CTG,09:55:04,Buy Up,100,27700.0,0.0
CTG,09:55:04,Buy Up,1600,27700.0,0.0
CTG,09:55:04,Buy Up,200,27700.0,0.0
CTG,09:55:04,Buy Up,200,27700.0,0.0
CTG,09:55:04,Buy Up,100,27700.0,0.0
CTG,09:55:04,Buy Up,100,27700.0,0.0
CTG,09:55:04,Buy Up,600,27700.0,0.0
CTG,09:55:04,Buy Up,300,27700.0,0.0
CTG,09:55:04,Buy Up,300,27700.0,0.0
CTG,09:55:04,Buy Up,100,27700.0,0.0
CTG,09:55:04,Buy Up,100,27700.0,0.0
CTG,09:55:01,Buy Up,200,27700.0,0.0
CTG,09:55:01,Buy Up,100,27700.0,0.0
CTG,09:55:01,Buy Up,200,27700.0,0.0
CTG,09:55:01,Buy Up,200,27700.0,0.0
CTG,09:55:01,Buy Up,100,27700.0,0.0
CTG,09:55:01,Buy Up,200,27700.0,0.0
CTG,09:55:01,Buy Up,2500,27700.0,0.0
CTG,09:55:01,Buy Up,200,27700.0,0.0
CTG,09:55:01,Buy Up,200,27700.0,0.0
CTG,09:55:01,Buy Up,200,27700.0,0.0
CTG,09:55:01,Buy Up,100,27700.0,0.0
CTG,09:55:01,Buy Up,1600,27700.0,0.0
CTG,09:55:01,Buy Up,100,27700.0,0.0
CTG,09:55:01,Buy Up,100,27700.0,0.0
CTG,09:55:01,Buy Up,200,27700.0,0.0
CTG,09:55:01,Buy Up,100,27700.0,0.0
CTG,09:55:01,Buy Up,100,27700.0,0.0
CTG,09:55:01,Buy Up,500,27700.0,0.0
CTG,09:55:01,Buy Up,100,27700.0,0.0
CTG,09:55:01,Buy Up,200,27700.0,0.0
CTG,09:55:00,Buy Up,100,27700.0,0.0
CTG,09:55:00,Buy Up,1200,27700.0,50.0
CTG,09:54:56,Sell Down,600,27650.0,-50.0
CTG,09:54:56,Buy Up,400,27700.0,50.0
CTG,09:54:52,Sell Down,700,27650.0,0.0
CTG,09:54:52,Sell Down,300,27650.0,-50.0
CTG,09:54:47,Buy Up,400,27700.0,0.0
CTG,09:54:41,Buy Up,200,27700.0,0.0
CTG,09:54:39,Buy Up,400,27700.0,0.0
CTG,09:54:29,Buy Up,300,27700.0,0.0
CTG,09:54:22,Buy Up,200,27700.0,0.0
CTG,09:54:20,Buy Up,400,27700.0,50.0
CTG,09:54:04,Sell Down,200,27650.0,0.0
CTG,09:54:04,Sell Down,400,27650.0,-50.0
CTG,09:54:04,Sell Down,400,27650.0,-50.0
CTG,09:54:03,Buy Up,5000,27700.0,0.0
CTG,09:53:59,Buy Up,300,27700.0,50.0
CTG,09:53:55,Sell Down,100,27650.0,0.0
CTG,09:53:55,Sell Down,100,27650.0,0.0
CTG,09:53:55,Sell Down,500,27650.0,0.0
CTG,09:53:55,Sell Down,300,27650.0,-50.0
CTG,09:53:51,Buy Up,300,27700.0,0.0
CTG,09:53:43,Buy Up,1000,27700.0,0.0
CTG,09:53:42,Buy Up,300,27700.0,0.0
CTG,09:53:33,Buy Up,400,27700.0,50.0
CTG,09:53:30,Sell Down,300,27650.0,0.0
CTG,09:53:30,Sell Down,200,27650.0,-50.0
CTG,09:53:23,Buy Up,300,27700.0,0.0
CTG,09:53:23,Buy Up,100,27700.0,50.0
CTG,09:53:20,Sell Down,300,27650.0,0.0
CTG,09:53:20,Sell Down,100,27650.0,0.0
CTG,09:53:20,Sell Down,2600,27650.0,0.0
CTG,09:53:20,Sell Down,1000,27650.0,0.0
CTG,09:53:20,Sell Down,100,27650.0,0.0
CTG,09:53:20,Sell Down,900,27650.0,-50.0
CTG,09:53:15,Buy Up,400,27700.0,50.0
CTG,09:53:11,Sell Down,100,27650.0,0.0
CTG,09:53:11,Sell Down,500,27650.0,-50.0
CTG,09:53:11,Buy Up,200,27700.0,0.0
CTG,09:53:09,Buy Up,2500,27700.0,0.0
CTG,09:53:06,Buy Up,300,27700.0,0.0
CTG,09:53:06,Buy Up,1200,27700.0,0.0
CTG,09:53:05,Buy Up,700,27700.0,50.0
CTG,09:53:03,Sell Down,100,27650.0,-50.0
CTG,09:52:56,Buy Up,300,27700.0,0.0
CTG,09:52:47,Buy Up,400,27700.0,50.0
CTG,09:52:47,Sell Down,600,27650.0,0.0
CTG,09:52:47,Sell Down,500,27650.0,0.0
CTG,09:52:47,Sell Down,200,27650.0,0.0
CTG,09:52:47,Sell Down,300,27650.0,0.0
CTG,09:52:47,Sell Down,8400,27650.0,0.0
CTG,09:52:44,Sell Down,1600,27650.0,0.0
CTG,09:52:44,Sell Down,400,27650.0,0.0
CTG,09:52:40,Sell Down,100,27650.0,-50.0
CTG,09:52:39,Buy Up,400,27700.0,0.0
CTG,09:52:30,Buy Up,400,27700.0,0.0
CTG,09:52:20,Buy Up,300,27700.0,50.0
CTG,09:52:18,Sell Down,100,27650.0,0.0
CTG,09:52:16,Sell Down,600,27650.0,-50.0
CTG,09:52:12,Buy Up,300,27700.0,50.0
CTG,09:52:09,Sell Down,2700,27650.0,-50.0
CTG,09:52:02,Buy Up,300,27700.0,0.0
CTG,09:51:53,Buy Up,300,27700.0,50.0
CTG,09:51:53,Sell Down,100,27650.0,0.0
CTG,09:51:53,Sell Down,1000,27650.0,0.0
CTG,09:51:53,Sell Down,500,27650.0,0.0
CTG,09:51:53,Sell Down,100,27650.0,-50.0
CTG,09:51:44,Buy Up,400,27700.0,50.0
CTG,09:51:42,Sell Down,500,27650.0,-50.0
CTG,09:51:35,Buy Up,400,27700.0,50.0
CTG,09:51:30,Sell Down,100,27650.0,-50.0
CTG,09:51:28,Buy Up,400,27700.0,0.0
CTG,09:51:21,Buy Up,700,27700.0,0.0
CTG,09:51:21,Buy Up,300,27700.0,0.0
CTG,09:51:21,Buy Up,1000,27700.0,0.0
CTG,09:51:21,Buy Up,100,27700.0,0.0
CTG,09:51:21,Buy Up,500,27700.0,0.0
CTG,09:51:21,Buy Up,1300,27700.0,0.0
CTG,09:51:17,Buy Up,300,27700.0,0.0
CTG,09:51:08,Buy Up,300,27700.0,50.0
CTG,09:51:06,Sell Down,5000,27650.0,0.0
CTG,09:51:05,Sell Down,400,27650.0,0.0
CTG,09:50:59,Buy Up,400,27650.0,0.0
CTG,09:50:55,Buy Up,200,27650.0,0.0
CTG,09:50:54,Buy Up,1000,27650.0,0.0
CTG,09:50:53,Buy Up,800,27650.0,0.0
CTG,09:50:53,Buy Up,200,27650.0,0.0
CTG,09:50:53,Buy Up,2600,27650.0,0.0
CTG,09:50:53,Buy Up,500,27650.0,0.0
CTG,09:50:53,Buy Up,400,27650.0,0.0
CTG,09:50:53,Buy Up,100,27650.0,0.0
CTG,09:50:53,Buy Up,500,27650.0,0.0
CTG,09:50:53,Buy Up,500,27650.0,0.0
CTG,09:50:53,Buy Up,200,27650.0,0.0
CTG,09:50:53,Buy Up,1000,27650.0,0.0
CTG,09:50:53,Buy Up,500,27650.0,0.0
CTG,09:50:53,Buy Up,500,27650.0,0.0
CTG,09:50:53,Buy Up,5000,27650.0,0.0
CTG,09:50:53,Buy Up,400,27650.0,0.0
CTG,09:50:53,Buy Up,10000,27650.0,0.0
CTG,09:50:53,Buy Up,1000,27650.0,0.0
CTG,09:50:53,Buy Up,2000,27650.0,0.0
CTG,09:50:53,Buy Up,200,27650.0,0.0
CTG,09:50:53,Buy Up,2000,27650.0,0.0
CTG,09:50:53,Buy Up,100,27650.0,0.0
CTG,09:50:53,Buy Up,500,27650.0,0.0
CTG,09:50:53,Buy Up,1000,27650.0,0.0
CTG,09:50:53,Buy Up,700,27650.0,0.0
CTG,09:50:53,Buy Up,2000,27650.0,0.0
CTG,09:50:53,Buy Up,100,27650.0,0.0
CTG,09:50:53,Buy Up,3200,27650.0,0.0
CTG,09:50:53,Buy Up,100,27650.0,0.0
CTG,09:50:53,Buy Up,100,27650.0,0.0
CTG,09:50:53,Buy Up,10000,27650.0,0.0
CTG,09:50:53,Buy Up,10000,27650.0,0.0
CTG,09:50:53,Buy Up,20000,27650.0,0.0
CTG,09:50:53,Buy Up,10000,27650.0,0.0
CTG,09:50:53,Buy Up,100,27650.0,0.0
CTG,09:50:53,Buy Up,13700,27650.0,0.0
CTG,09:50:50,Buy Up,400,27650.0,0.0
CTG,09:50:41,Buy Up,400,27650.0,50.0
CTG,09:50:41,Sell Down,600,27600.0,0.0
CTG,09:50:35,Sell Down,600,27600.0,0.0
CTG,09:50:35,Sell Down,2000,27600.0,-50.0
CTG,09:50:32,Buy Up,400,27650.0,50.0
CTG,09:50:30,Sell Down,600,27600.0,-50.0
CTG,09:50:29,Buy Up,100,27650.0,50.0
CTG,09:50:26,Sell Down,900,27600.0,-50.0
CTG,09:50:25,Buy Up,400,27650.0,50.0
CTG,09:50:22,Sell Down,600,27600.0,0.0
CTG,09:50:19,Sell Down,300,27600.0,0.0
CTG,09:50:18,Sell Down,600,27600.0,-50.0
CTG,09:50:15,Buy Up,400,27650.0,0.0
CTG,09:50:14,Buy Up,500,27650.0,0.0
CTG,09:50:13,Buy Up,100,27650.0,50.0
CTG,09:50:12,Sell Down,600,27600.0,0.0
CTG,09:50:07,Sell Down,600,27600.0,-50.0
CTG,09:50:05,Buy Up,400,27650.0,0.0
CTG,09:50:04,Buy Up,100,27650.0,50.0
CTG,09:50:03,Sell Down,600,27600.0,0.0
CTG,09:50:03,Sell Down,300,27600.0,0.0
CTG,09:50:01,Sell Down,5000,27600.0,0.0
CTG,09:49:56,Sell Down,600,27600.0,-50.0
CTG,09:49:56,Buy Up,300,27650.0,50.0
CTG,09:49:53,Sell Down,600,27600.0,0.0
CTG,09:49:48,Sell Down,600,27600.0,-50.0
CTG,09:49:47,Buy Up,400,27650.0,50.0
CTG,09:49:45,Sell Down,500,27600.0,0.0
CTG,09:49:45,Sell Down,2700,27600.0,-50.0
CTG,09:49:44,Buy Up,100,27650.0,50.0
CTG,09:49:40,Sell Down,600,27600.0,-50.0
CTG,09:49:38,Buy Up,300,27650.0,50.0
CTG,09:49:37,Sell Down,600,27600.0,-50.0
CTG,09:49:37,Buy Up,100,27650.0,50.0
CTG,09:49:33,Sell Down,8000,27600.0,0.0
CTG,09:49:30,Sell Down,600,27600.0,-50.0
CTG,09:49:29,Buy Up,300,27650.0,0.0
CTG,09:49:29,Buy Up,100,27650.0,50.0
CTG,09:49:26,Sell Down,8000,27600.0,0.0
CTG,09:49:25,Sell Down,600,27600.0,-50.0
CTG,09:49:21,Buy Up,400,27650.0,50.0
CTG,09:49:21,Sell Down,600,27600.0,-50.0
CTG,09:49:19,Buy Up,100,27650.0,50.0
CTG,09:49:15,Sell Down,600,27600.0,-50.0
CTG,09:49:15,Buy Up,100,27650.0,50.0
CTG,09:49:12,Sell Down,600,27600.0,-50.0
CTG,09:49:11,Buy Up,400,27650.0,50.0
CTG,09:49:05,Sell Down,600,27600.0,-50.0
CTG,09:49:02,Buy Up,400,27650.0,50.0
CTG,09:49:01,Sell Down,600,27600.0,0.0
CTG,09:49:00,Sell Down,600,27600.0,0.0
CTG,09:48:56,Sell Down,600,27600.0,-50.0
CTG,09:48:55,Buy Up,100,27650.0,0.0
CTG,09:48:53,Buy Up,400,27650.0,0.0
CTG,09:48:51,Buy Up,100,27650.0,50.0
CTG,09:48:49,Sell Down,600,27600.0,-50.0
CTG,09:48:47,Buy Up,100,27650.0,50.0
CTG,09:48:46,Sell Down,500,27600.0,0.0
CTG,09:48:46,Sell Down,100,27600.0,0.0
CTG,09:48:45,Sell Down,1900,27600.0,0.0
CTG,09:48:45,Sell Down,100,27600.0,-50.0
CTG,09:48:44,Buy Up,300,27650.0,0.0
CTG,09:48:40,Buy Up,1100,27650.0,0.0
CTG,09:48:40,Buy Up,6000,27650.0,0.0
CTG,09:48:40,Buy Up,2900,27650.0,50.0
CTG,09:48:40,Sell Down,600,27600.0,-50.0
CTG,09:48:35,Buy Up,300,27650.0,50.0
CTG,09:48:34,Sell Down,300,27600.0,0.0
CTG,09:48:34,Sell Down,300,27600.0,0.0
CTG,09:48:30,Sell Down,600,27600.0,-50.0
CTG,09:48:26,Buy Up,300,27650.0,50.0
CTG,09:48:25,Sell Down,600,27600.0,0.0
CTG,09:48:19,Sell Down,600,27600.0,0.0
CTG,09:48:12,Sell Down,600,27600.0,0.0
CTG,09:48:09,Sell Down,600,27600.0,0.0
CTG,09:48:03,Sell Down,600,27600.0,0.0
CTG,09:47:57,Sell Down,100,27600.0,0.0
CTG,09:47:56,Sell Down,600,27600.0,0.0
CTG,09:47:54,Sell Down,600,27600.0,0.0
CTG,09:47:47,Sell Down,500,27600.0,0.0
CTG,09:47:46,Sell Down,600,27600.0,0.0
CTG,09:47:43,Sell Down,600,27600.0,0.0
CTG,09:47:40,Buy Up,2600,27600.0,0.0
CTG,09:47:40,Buy Up,1100,27600.0,0.0
CTG,09:47:40,Buy Up,100,27600.0,0.0
CTG,09:47:40,Buy Up,4200,27600.0,0.0
CTG,09:47:40,Buy Up,2000,27600.0,0.0
CTG,09:47:40,Buy Up,2600,27600.0,0.0
CTG,09:47:40,Buy Up,500,27600.0,0.0
CTG,09:47:37,Buy Up,300,27600.0,0.0
CTG,09:47:30,Buy Up,500,27600.0,0.0
CTG,09:47:30,Buy Up,500,27600.0,0.0
CTG,09:47:16,Buy Up,2000,27600.0,0.0
CTG,09:47:15,Buy Up,10000,27600.0,0.0
