ticker,time,orderType,volume,price,prevPriceChange
FPT,10:29:53,Sell Down,200,97100.0,100.0
FPT,10:29:43,Sell Down,500,97000.0,0.0
FPT,10:29:43,Sell Down,100,97000.0,0.0
FPT,10:29:43,Sell Down,1000,97000.0,0.0
FPT,10:29:43,Sell Down,300,97000.0,0.0
FPT,10:29:43,Sell Down,100,97000.0,0.0
FPT,10:29:43,Sell Down,500,97000.0,0.0
FPT,10:29:43,Sell Down,1000,97000.0,0.0
FPT,10:29:43,Sell Down,300,97000.0,0.0
FPT,10:29:43,Sell Down,1000,97000.0,0.0
FPT,10:29:43,Sell Down,1000,97000.0,0.0
FPT,10:29:43,Sell Down,300,97000.0,0.0
FPT,10:29:43,Sell Down,100,97000.0,0.0
FPT,10:29:43,Sell Down,100,97000.0,0.0
FPT,10:29:43,Sell Down,2000,97000.0,0.0
FPT,10:29:43,Sell Down,100,97000.0,0.0
FPT,10:29:43,Sell Down,500,97000.0,-100.0
FPT,10:29:43,Sell Down,1000,97100.0,0.0
FPT,10:29:43,Sell Down,1000,97100.0,0.0
FPT,10:29:43,Sell Down,500,97100.0,0.0
FPT,10:29:43,Sell Down,1000,97100.0,0.0
FPT,10:29:43,Sell Down,100,97100.0,0.0
FPT,10:29:43,Sell Down,2000,97100.0,0.0
FPT,10:29:43,Sell Down,500,97100.0,0.0
FPT,10:29:17,Sell Down,500,97100.0,0.0
FPT,10:28:55,Sell Down,200,97100.0,0.0
FPT,10:28:54,Sell Down,600,97100.0,0.0
FPT,10:28:40,Sell Down,1200,97100.0,0.0
FPT,10:28:40,Sell Down,400,97100.0,0.0
FPT,10:28:40,Sell Down,5000,97100.0,0.0
FPT,10:28:40,Sell Down,100,97100.0,0.0
FPT,10:28:40,Sell Down,2000,97100.0,0.0
FPT,10:28:40,Sell Down,1300,97100.0,-100.0
FPT,10:27:56,Sell Down,300,97200.0,0.0
FPT,10:27:51,Sell Down,100,97200.0,0.0
FPT,10:27:20,Sell Down,200,97200.0,0.0
FPT,10:27:09,Sell Down,2400,97200.0,0.0
FPT,10:27:09,Sell Down,1000,97200.0,0.0
FPT,10:27:09,Sell Down,100,97200.0,0.0
FPT,10:27:09,Sell Down,100,97200.0,0.0
FPT,10:27:09,Sell Down,200,97200.0,0.0
FPT,10:27:09,Sell Down,200,97200.0,-100.0
FPT,10:27:04,Buy Up,1000,97300.0,100.0
FPT,10:26:59,Sell Down,200,97200.0,0.0
FPT,10:26:59,Sell Down,1800,97200.0,0.0
FPT,10:26:41,Sell Down,800,97200.0,0.0
FPT,10:26:41,Sell Down,100,97200.0,0.0
FPT,10:26:41,Sell Down,1000,97200.0,0.0
FPT,10:26:41,Sell Down,1000,97200.0,0.0
FPT,10:26:41,Sell Down,200,97200.0,0.0
FPT,10:26:25,Sell Down,800,97200.0,0.0
FPT,10:26:25,Sell Down,200,97200.0,-100.0
FPT,10:25:44,Buy Up,100,97300.0,0.0
FPT,10:25:44,Buy Up,400,97300.0,100.0
FPT,10:25:32,Sell Down,800,97200.0,-100.0
FPT,10:25:23,Buy Up,200,97300.0,0.0
FPT,10:24:55,Sell Down,1000,97300.0,0.0
FPT,10:24:55,Sell Down,1000,97300.0,0.0
FPT,10:24:55,Sell Down,2400,97300.0,0.0
FPT,10:24:45,Sell Down,100,97300.0,0.0
FPT,10:24:43,Sell Down,500,97300.0,0.0
FPT,10:24:43,Sell Down,100,97300.0,0.0
FPT,10:24:43,Sell Down,1000,97300.0,0.0
FPT,10:24:43,Sell Down,1000,97300.0,0.0
FPT,10:24:43,Sell Down,5000,97300.0,0.0
FPT,10:24:43,Sell Down,500,97300.0,0.0
FPT,10:24:43,Sell Down,200,97300.0,0.0
FPT,10:24:18,Sell Down,800,97300.0,0.0
FPT,10:24:18,Sell Down,800,97300.0,0.0
FPT,10:24:18,Sell Down,2000,97300.0,0.0
FPT,10:24:18,Sell Down,2900,97300.0,-100.0
FPT,10:24:00,Buy Up,1900,97400.0,0.0
FPT,10:24:00,Buy Up,100,97400.0,100.0
FPT,10:23:49,Sell Down,100,97300.0,0.0
FPT,10:23:49,Sell Down,200,97300.0,0.0
FPT,10:23:49,Sell Down,1000,97300.0,0.0
FPT,10:23:49,Sell Down,100,97300.0,0.0
FPT,10:23:49,Sell Down,1000,97300.0,0.0
FPT,10:23:49,Sell Down,1000,97300.0,0.0
FPT,10:23:49,Sell Down,600,97300.0,0.0
FPT,10:23:26,Sell Down,100,97300.0,-100.0
FPT,10:23:12,Sell Down,100,97400.0,0.0
FPT,10:22:44,Buy Up,100,97400.0,0.0
FPT,10:22:44,Buy Up,1000,97400.0,100.0
FPT,10:22:44,Sell Down,6200,97300.0,-100.0
FPT,10:22:44,Buy Up,500,97400.0,0.0
FPT,10:22:44,Buy Up,5000,97400.0,0.0
FPT,10:22:44,Buy Up,2500,97400.0,0.0
FPT,10:22:44,Buy Up,100,97400.0,0.0
FPT,10:22:44,Buy Up,100,97400.0,0.0
FPT,10:22:44,Buy Up,1000,97400.0,0.0
FPT,10:22:44,Buy Up,500,97400.0,0.0
FPT,10:22:44,Buy Up,1000,97400.0,0.0
FPT,10:22:44,Sell Down,1000,97400.0,0.0
FPT,10:22:44,Sell Down,100,97400.0,0.0
FPT,10:22:44,Sell Down,300,97400.0,0.0
FPT,10:22:44,Sell Down,600,97400.0,0.0
FPT,10:22:34,Sell Down,500,97400.0,0.0
FPT,10:22:04,Sell Down,3600,97400.0,0.0
FPT,10:21:45,Sell Down,200,97400.0,0.0
FPT,10:21:45,Sell Down,500,97400.0,0.0
FPT,10:21:08,Sell Down,100,97400.0,-100.0
FPT,10:21:00,Buy Up,1800,97500.0,0.0
FPT,10:21:00,Buy Up,200,97500.0,100.0
FPT,10:20:45,Sell Down,100,97400.0,0.0
FPT,10:20:36,Sell Down,100,97400.0,0.0
FPT,10:20:36,Sell Down,400,97400.0,-100.0
FPT,10:20:34,Buy Up,100,97500.0,0.0
FPT,10:20:34,Buy Up,900,97500.0,0.0
FPT,10:20:12,Buy Up,100,97500.0,0.0
FPT,10:19:52,Buy Up,400,97500.0,0.0
FPT,10:19:21,Buy Up,100,97500.0,0.0
FPT,10:19:21,Buy Up,1000,97500.0,0.0
FPT,10:19:21,Buy Up,100,97500.0,0.0
FPT,10:19:21,Buy Up,800,97500.0,0.0
FPT,10:19:11,Buy Up,300,97500.0,100.0
FPT,10:19:08,Sell Down,800,97400.0,-100.0
FPT,10:18:50,Buy Up,3300,97500.0,100.0
FPT,10:18:27,Sell Down,4000,97400.0,0.0
FPT,10:18:14,Sell Down,100,97400.0,-100.0
FPT,10:17:42,Sell Down,1000,97500.0,0.0
FPT,10:17:42,Sell Down,1000,97500.0,0.0
FPT,10:17:42,Sell Down,3000,97500.0,0.0
FPT,10:17:42,Sell Down,100,97500.0,0.0
FPT,10:17:42,Sell Down,500,97500.0,0.0
FPT,10:17:41,Sell Down,300,97500.0,0.0
FPT,10:17:39,Sell Down,100,97500.0,0.0
FPT,10:17:20,Sell Down,700,97500.0,0.0
FPT,10:17:12,Sell Down,100,97500.0,0.0
FPT,10:17:12,Sell Down,300,97500.0,0.0
FPT,10:16:43,Sell Down,300,97500.0,0.0
FPT,10:16:37,Sell Down,2400,97500.0,0.0
FPT,10:16:32,Buy Up,100,97500.0,0.0
FPT,10:16:12,Sell Down,200,97500.0,0.0
FPT,10:16:00,Sell Down,800,97500.0,0.0
FPT,10:16:00,Sell Down,5000,97500.0,0.0
FPT,10:16:00,Sell Down,1100,97500.0,0.0
FPT,10:16:00,Sell Down,100,97500.0,0.0
FPT,10:16:00,Sell Down,900,97500.0,-100.0
FPT,10:16:00,Sell Down,800,97600.0,0.0
FPT,10:16:00,Sell Down,400,97600.0,0.0
FPT,10:16:00,Sell Down,900,97600.0,0.0
FPT,10:15:50,Sell Down,100,97600.0,0.0
FPT,10:15:46,Sell Down,300,97600.0,0.0
FPT,10:15:41,Buy Up,100,97600.0,0.0
FPT,10:15:41,Buy Up,600,97600.0,0.0
FPT,10:15:37,Buy Up,300,97600.0,0.0
FPT,10:15:37,Buy Up,100,97600.0,0.0
FPT,10:15:37,Buy Up,100,97600.0,0.0
FPT,10:15:37,Buy Up,200,97600.0,0.0
FPT,10:15:37,Buy Up,300,97600.0,0.0
FPT,10:15:28,Buy Up,100,97600.0,0.0
FPT,10:15:20,Buy Up,1000,97600.0,100.0
FPT,10:15:20,Sell Down,100,97500.0,0.0
FPT,10:15:20,Sell Down,200,97500.0,0.0
FPT,10:15:20,Sell Down,500,97500.0,0.0
FPT,10:15:20,Sell Down,100,97500.0,0.0
FPT,10:15:20,Sell Down,1000,97500.0,0.0
FPT,10:15:20,Sell Down,100,97500.0,0.0
FPT,10:15:17,Sell Down,300,97500.0,-100.0
FPT,10:15:17,Buy Up,100,97600.0,0.0
FPT,10:15:15,Buy Up,500,97600.0,100.0
FPT,10:15:13,Sell Down,1000,97500.0,-100.0
FPT,10:15:08,Buy Up,1000,97600.0,0.0
FPT,10:15:04,Buy Up,1000,97600.0,0.0
FPT,10:15:04,Buy Up,200,97600.0,0.0
FPT,10:15:04,Buy Up,100,97600.0,0.0
FPT,10:15:04,Buy Up,100,97600.0,0.0
FPT,10:15:04,Buy Up,100,97600.0,0.0
FPT,10:15:04,Buy Up,500,97600.0,100.0
FPT,10:15:03,Sell Down,100,97500.0,0.0
FPT,10:14:48,Sell Down,400,97500.0,0.0
FPT,10:14:43,Sell Down,700,97500.0,0.0
FPT,10:14:31,Sell Down,2400,97500.0,0.0
FPT,10:14:31,Sell Down,200,97500.0,0.0
FPT,10:14:31,Sell Down,100,97500.0,0.0
FPT,10:14:22,Sell Down,100,97500.0,0.0
FPT,10:14:19,Sell Down,400,97500.0,0.0
FPT,10:14:17,Sell Down,5000,97500.0,0.0
FPT,10:14:14,Sell Down,200,97500.0,0.0
FPT,10:14:12,Sell Down,100,97500.0,0.0
FPT,10:14:10,Buy Up,100,97500.0,0.0
FPT,10:14:10,Buy Up,4000,97500.0,0.0
FPT,10:14:10,Buy Up,100,97500.0,0.0
FPT,10:14:10,Buy Up,100,97500.0,0.0
FPT,10:14:10,Buy Up,100,97500.0,0.0
FPT,10:14:10,Buy Up,100,97500.0,0.0
FPT,10:14:10,Buy Up,100,97500.0,0.0
FPT,10:14:10,Buy Up,500,97500.0,0.0
FPT,10:14:10,Buy Up,100,97500.0,0.0
FPT,10:14:10,Buy Up,100,97500.0,0.0
FPT,10:14:10,Buy Up,2000,97500.0,0.0
FPT,10:14:10,Buy Up,200,97500.0,0.0
FPT,10:14:10,Buy Up,2000,97500.0,0.0
FPT,10:14:10,Buy Up,10000,97500.0,0.0
FPT,10:14:10,Buy Up,200,97500.0,0.0
FPT,10:14:10,Buy Up,9200,97500.0,100.0
FPT,10:14:05,Sell Down,200,97400.0,-100.0
FPT,10:13:42,Buy Up,300,97500.0,100.0
FPT,10:13:40,Sell Down,1000,97400.0,-100.0
FPT,10:13:32,Buy Up,500,97500.0,0.0
FPT,10:13:32,Buy Up,2500,97500.0,0.0
FPT,10:13:32,Buy Up,2000,97500.0,0.0
FPT,10:13:19,Buy Up,1000,97500.0,100.0
FPT,10:12:40,Sell Down,100,97400.0,0.0
FPT,10:12:35,Sell Down,200,97400.0,0.0
FPT,10:12:25,Buy Up,200,97400.0,0.0
FPT,10:12:25,Buy Up,200,97400.0,0.0
FPT,10:12:25,Buy Up,100,97400.0,0.0
FPT,10:12:25,Buy Up,100,97400.0,0.0
FPT,10:12:25,Buy Up,500,97400.0,0.0
FPT,10:12:25,Buy Up,100,97400.0,0.0
FPT,10:12:25,Buy Up,100,97400.0,0.0
FPT,10:12:25,Buy Up,200,97400.0,0.0
FPT,10:12:25,Buy Up,500,97400.0,0.0
FPT,10:12:25,Buy Up,2400,97400.0,0.0
FPT,10:12:25,Buy Up,100,97400.0,0.0
FPT,10:12:25,Buy Up,8700,97400.0,0.0
FPT,10:12:21,Buy Up,500,97400.0,0.0
FPT,10:12:01,Buy Up,300,97400.0,100.0
FPT,10:11:34,Sell Down,100,97300.0,0.0
FPT,10:11:10,Sell Down,500,97300.0,0.0
FPT,10:10:39,Sell Down,200,97300.0,0.0
FPT,10:09:55,Sell Down,100,97300.0,0.0
FPT,10:09:43,Sell Down,900,97300.0,0.0
FPT,10:09:34,Sell Down,100,97300.0,-100.0
FPT,10:09:32,Buy Up,500,97400.0,100.0
FPT,10:09:24,Sell Down,500,97300.0,0.0
FPT,10:09:21,Sell Down,200,97300.0,0.0
FPT,10:07:57,Sell Down,100,97300.0,-100.0
FPT,10:07:37,Buy Up,100,97400.0,0.0
FPT,10:07:37,Buy Up,500,97400.0,0.0
FPT,10:07:37,Buy Up,200,97400.0,0.0
FPT,10:07:37,Buy Up,100,97400.0,0.0
FPT,10:07:37,Buy Up,100,97400.0,0.0
FPT,10:07:37,Buy Up,1000,97400.0,100.0
FPT,10:07:35,Sell Down,300,97300.0,0.0
FPT,10:07:09,Sell Down,100,97300.0,0.0
FPT,10:06:53,Buy Up,500,97300.0,0.0
FPT,10:06:53,Buy Up,1000,97300.0,0.0
FPT,10:06:53,Buy Up,100,97300.0,0.0
FPT,10:06:53,Buy Up,100,97300.0,100.0
FPT,10:06:39,Sell Down,300,97200.0,0.0
FPT,10:06:07,Sell Down,100,97200.0,0.0
FPT,10:06:02,Sell Down,100,97200.0,0.0
FPT,10:06:00,Sell Down,100,97200.0,0.0
FPT,10:06:00,Sell Down,100,97200.0,0.0
FPT,10:05:56,Sell Down,100,97200.0,0.0
FPT,10:05:53,Sell Down,400,97200.0,0.0
FPT,10:05:44,Sell Down,400,97200.0,0.0
FPT,10:05:44,Sell Down,100,97200.0,0.0
FPT,10:05:44,Sell Down,1000,97200.0,0.0
FPT,10:05:44,Sell Down,300,97200.0,0.0
FPT,10:05:44,Sell Down,4200,97200.0,0.0
FPT,10:05:30,Sell Down,300,97200.0,0.0
FPT,10:05:22,Sell Down,500,97200.0,0.0
FPT,10:05:22,Sell Down,500,97200.0,0.0
FPT,10:05:22,Sell Down,100,97200.0,0.0
FPT,10:05:22,Sell Down,2000,97200.0,0.0
FPT,10:05:22,Sell Down,300,97200.0,0.0
FPT,10:05:22,Sell Down,500,97200.0,-100.0
FPT,10:05:22,Sell Down,100,97300.0,0.0
FPT,10:05:17,Sell Down,200,97300.0,0.0
FPT,10:05:09,Buy Up,300,97300.0,0.0
FPT,10:05:09,Buy Up,400,97300.0,0.0
FPT,10:04:55,Buy Up,100,97300.0,100.0
FPT,10:04:51,Sell Down,100,97200.0,0.0
FPT,10:04:21,Sell Down,400,97200.0,-100.0
FPT,10:04:21,Sell Down,100,97300.0,0.0
FPT,10:04:21,Sell Down,500,97300.0,0.0
FPT,10:04:21,Sell Down,1000,97300.0,0.0
FPT,10:04:21,Sell Down,500,97300.0,0.0
FPT,10:04:21,Sell Down,1000,97300.0,0.0
FPT,10:04:21,Sell Down,500,97300.0,0.0
FPT,10:04:04,Sell Down,300,97300.0,0.0
FPT,10:03:50,Sell Down,200,97300.0,0.0
FPT,10:03:50,Sell Down,500,97300.0,-100.0
FPT,10:03:08,Buy Up,1000,97400.0,0.0
FPT,10:02:54,Buy Up,400,97400.0,100.0
FPT,10:02:54,Buy Up,300,97300.0,0.0
FPT,10:02:54,Sell Down,500,97300.0,0.0
FPT,10:02:54,Sell Down,100,97300.0,0.0
FPT,10:02:54,Sell Down,1000,97300.0,0.0
FPT,10:02:54,Sell Down,1100,97300.0,0.0
FPT,10:02:47,Sell Down,400,97300.0,0.0
FPT,10:02:47,Sell Down,200,97300.0,0.0
FPT,10:02:47,Sell Down,200,97300.0,0.0
FPT,10:02:45,Sell Down,1800,97300.0,0.0
FPT,10:02:45,Sell Down,100,97300.0,0.0
FPT,10:02:45,Sell Down,100,97300.0,0.0
FPT,10:02:43,Sell Down,200,97300.0,0.0
FPT,10:02:43,Sell Down,100,97300.0,0.0
FPT,10:02:43,Sell Down,500,97300.0,0.0
FPT,10:02:37,Sell Down,500,97300.0,0.0
FPT,10:02:37,Sell Down,300,97300.0,-100.0
FPT,10:02:35,Buy Up,100,97400.0,100.0
FPT,10:02:34,Sell Down,700,97300.0,0.0
FPT,10:02:34,Sell Down,100,97300.0,0.0
FPT,10:02:28,Sell Down,800,97300.0,-100.0
FPT,10:02:25,Buy Up,500,97400.0,0.0
FPT,10:02:25,Buy Up,3000,97400.0,100.0
FPT,10:02:21,Sell Down,800,97300.0,-100.0
FPT,10:02:16,Buy Up,3000,97400.0,100.0
FPT,10:01:53,Sell Down,600,97300.0,0.0
FPT,10:01:47,Sell Down,400,97300.0,0.0
FPT,10:01:27,Sell Down,300,97300.0,-100.0
FPT,10:01:20,Buy Up,400,97400.0,0.0
FPT,10:01:20,Buy Up,100,97400.0,0.0
FPT,10:01:20,Buy Up,200,97400.0,0.0
FPT,10:01:19,Buy Up,100,97400.0,0.0
FPT,10:01:19,Buy Up,300,97400.0,0.0
FPT,10:01:19,Buy Up,100,97400.0,100.0
FPT,10:01:11,Sell Down,800,97300.0,-100.0
FPT,10:01:08,Buy Up,300,97400.0,0.0
FPT,10:01:08,Buy Up,1300,97400.0,100.0
FPT,10:01:05,Sell Down,800,97300.0,-100.0
FPT,10:00:41,Buy Up,2500,97400.0,0.0
FPT,10:00:36,Buy Up,500,97400.0,0.0
FPT,10:00:33,Buy Up,100,97400.0,0.0
FPT,10:00:29,Buy Up,500,97400.0,0.0
FPT,10:00:19,Buy Up,100,97400.0,0.0
FPT,10:00:19,Buy Up,2700,97400.0,100.0
FPT,10:00:17,Sell Down,100,97300.0,-100.0
FPT,10:00:16,Buy Up,500,97400.0,0.0
FPT,10:00:05,Buy Up,100,97400.0,100.0
FPT,09:59:57,Sell Down,3500,97300.0,-100.0
FPT,09:59:56,Sell Down,3800,97400.0,0.0
FPT,09:59:56,Sell Down,500,97400.0,0.0
FPT,09:59:56,Sell Down,500,97400.0,0.0
FPT,09:59:56,Sell Down,100,97400.0,0.0
FPT,09:59:56,Sell Down,400,97400.0,0.0
FPT,09:59:56,Sell Down,2800,97400.0,0.0
FPT,09:59:54,Sell Down,1500,97400.0,0.0
FPT,09:59:44,Sell Down,800,97400.0,0.0
FPT,09:59:37,Sell Down,1000,97400.0,0.0
FPT,09:59:32,Sell Down,1000,97400.0,0.0
FPT,09:59:29,Sell Down,200,97400.0,0.0
FPT,09:59:28,Sell Down,100,97400.0,0.0
FPT,09:59:25,Sell Down,500,97400.0,0.0
FPT,09:59:24,Sell Down,1000,97400.0,0.0
FPT,09:59:21,Sell Down,100,97400.0,0.0
FPT,09:59:15,Sell Down,100,97400.0,0.0
FPT,09:59:07,Sell Down,800,97400.0,0.0
FPT,09:59:03,Buy Up,100,97400.0,0.0
FPT,09:58:59,Buy Up,1000,97400.0,0.0
FPT,09:58:58,Sell Down,100,97400.0,100.0
FPT,09:58:57,Sell Down,1900,97300.0,-100.0
FPT,09:58:57,Buy Up,200,97400.0,0.0
FPT,09:58:54,Buy Up,800,97400.0,0.0
FPT,09:58:53,Buy Up,500,97400.0,0.0
FPT,09:58:53,Buy Up,200,97400.0,0.0
FPT,09:58:53,Buy Up,100,97400.0,0.0
FPT,09:58:53,Buy Up,8600,97400.0,0.0
FPT,09:58:52,Sell Down,1000,97400.0,0.0
FPT,09:58:50,Sell Down,400,97400.0,0.0
FPT,09:58:50,Sell Down,100,97400.0,0.0
FPT,09:58:38,Sell Down,2900,97400.0,0.0
FPT,09:58:38,Sell Down,2000,97400.0,0.0
FPT,09:58:38,Sell Down,100,97400.0,-100.0
FPT,09:58:34,Buy Up,2000,97500.0,100.0
FPT,09:58:20,Sell Down,4900,97400.0,0.0
FPT,09:58:20,Sell Down,100,97400.0,0.0
FPT,09:58:19,Sell Down,100,97400.0,0.0
FPT,09:58:05,Sell Down,100,97400.0,0.0
FPT,09:58:03,Buy Up,200,97400.0,100.0
FPT,09:58:02,Sell Down,2800,97300.0,0.0
FPT,09:58:01,Sell Down,100,97300.0,-100.0
FPT,09:57:57,Buy Up,200,97400.0,0.0
FPT,09:57:57,Buy Up,600,97400.0,0.0
FPT,09:57:50,Sell Down,400,97400.0,0.0
FPT,09:57:50,Sell Down,100,97400.0,0.0
FPT,09:57:50,Sell Down,1600,97400.0,-100.0
FPT,09:57:44,Buy Up,200,97500.0,0.0
FPT,09:57:44,Buy Up,200,97500.0,100.0
FPT,09:57:37,Sell Down,400,97400.0,0.0
FPT,09:57:37,Sell Down,5000,97400.0,-100.0
FPT,09:57:35,Sell Down,500,97500.0,-100.0
FPT,09:57:35,Buy Up,100,97600.0,0.0
FPT,09:57:35,Buy Up,100,97600.0,0.0
FPT,09:57:35,Buy Up,100,97600.0,0.0
FPT,09:57:35,Buy Up,1700,97600.0,100.0
FPT,09:57:35,Sell Down,500,97500.0,0.0
FPT,09:57:35,Sell Down,300,97500.0,0.0
FPT,09:57:35,Sell Down,100,97500.0,0.0
FPT,09:57:35,Sell Down,100,97500.0,0.0
FPT,09:57:35,Sell Down,1000,97500.0,0.0
FPT,09:57:35,Sell Down,100,97500.0,0.0
FPT,09:57:35,Sell Down,1800,97500.0,0.0
FPT,09:57:35,Sell Down,100,97500.0,0.0
FPT,09:57:35,Sell Down,1000,97500.0,0.0
FPT,09:57:34,Sell Down,200,97500.0,0.0
FPT,09:57:34,Sell Down,200,97500.0,0.0
FPT,09:57:34,Sell Down,400,97500.0,-100.0
FPT,09:57:31,Buy Up,600,97600.0,100.0
FPT,09:57:28,Sell Down,800,97500.0,-100.0
FPT,09:57:28,Buy Up,300,97600.0,100.0
FPT,09:57:28,Sell Down,300,97500.0,0.0
FPT,09:57:24,Sell Down,800,97500.0,-100.0
FPT,09:57:22,Buy Up,1000,97600.0,0.0
FPT,09:57:20,Buy Up,1400,97600.0,0.0
FPT,09:57:18,Sell Down,800,97600.0,0.0
FPT,09:57:17,Sell Down,1000,97600.0,0.0
FPT,09:57:13,Sell Down,1800,97600.0,0.0
FPT,09:57:13,Sell Down,500,97600.0,0.0
FPT,09:57:13,Sell Down,600,97600.0,0.0
FPT,09:57:13,Sell Down,200,97600.0,0.0
FPT,09:57:13,Sell Down,100,97600.0,0.0
FPT,09:57:13,Sell Down,1800,97600.0,0.0
FPT,09:57:12,Sell Down,800,97600.0,0.0
FPT,09:57:07,Sell Down,800,97600.0,0.0
FPT,09:57:06,Sell Down,300,97600.0,0.0
FPT,09:57:06,Sell Down,1600,97600.0,0.0
FPT,09:57:06,Sell Down,6100,97600.0,0.0
FPT,09:57:06,Sell Down,1000,97600.0,0.0
FPT,09:57:02,Sell Down,800,97600.0,0.0
FPT,09:56:59,Sell Down,300,97600.0,0.0
FPT,09:56:59,Sell Down,800,97600.0,0.0
FPT,09:56:56,Sell Down,100,97600.0,0.0
FPT,09:56:53,Sell Down,800,97600.0,0.0
FPT,09:56:48,Sell Down,800,97600.0,0.0
FPT,09:56:47,Sell Down,100,97600.0,-100.0
FPT,09:56:46,Buy Up,200,97700.0,100.0
FPT,09:56:43,Sell Down,200,97600.0,0.0
FPT,09:56:43,Sell Down,600,97600.0,0.0
FPT,09:56:42,Sell Down,4400,97600.0,0.0
FPT,09:56:42,Sell Down,5000,97600.0,0.0
FPT,09:56:37,Sell Down,800,97600.0,0.0
FPT,09:56:31,Sell Down,800,97600.0,0.0
FPT,09:56:30,Sell Down,400,97600.0,-100.0
FPT,09:56:27,Buy Up,100,97700.0,100.0
FPT,09:56:25,Sell Down,800,97600.0,0.0
FPT,09:56:22,Sell Down,800,97600.0,0.0
FPT,09:56:16,Sell Down,1400,97600.0,0.0
FPT,09:56:16,Sell Down,1000,97600.0,0.0
FPT,09:56:16,Sell Down,2600,97600.0,0.0
FPT,09:56:15,Sell Down,800,97600.0,-100.0
FPT,09:56:11,Buy Up,300,97700.0,0.0
FPT,09:56:09,Sell Down,2000,97700.0,0.0
FPT,09:56:09,Sell Down,200,97700.0,0.0
FPT,09:56:09,Sell Down,1000,97700.0,0.0
FPT,09:56:09,Sell Down,500,97700.0,0.0
FPT,09:56:09,Sell Down,1000,97700.0,0.0
FPT,09:56:09,Sell Down,700,97700.0,0.0
FPT,09:56:06,Sell Down,100,97700.0,0.0
FPT,09:56:01,Sell Down,400,97700.0,0.0
FPT,09:55:57,Sell Down,100,97700.0,-100.0
FPT,09:55:49,Buy Up,1000,97800.0,0.0
FPT,09:55:40,Buy Up,200,97800.0,100.0
FPT,09:55:39,Sell Down,4400,97700.0,0.0
FPT,09:55:39,Sell Down,600,97700.0,0.0
FPT,09:55:32,Sell Down,400,97700.0,-100.0
FPT,09:55:31,Buy Up,1000,97800.0,100.0
FPT,09:55:27,Sell Down,800,97700.0,-100.0
FPT,09:55:14,Buy Up,300,97800.0,0.0
FPT,09:55:14,Buy Up,100,97800.0,0.0
FPT,09:55:14,Buy Up,100,97800.0,0.0
FPT,09:55:14,Buy Up,100,97800.0,0.0
FPT,09:55:14,Buy Up,400,97800.0,100.0
FPT,09:55:10,Sell Down,200,97700.0,0.0
FPT,09:55:03,Sell Down,400,97700.0,-100.0
FPT,09:54:56,Buy Up,600,97800.0,0.0
FPT,09:54:56,Buy Up,300,97800.0,0.0
FPT,09:54:56,Buy Up,100,97800.0,0.0
FPT,09:54:52,Buy Up,900,97800.0,0.0
FPT,09:54:52,Buy Up,100,97800.0,0.0
FPT,09:54:48,Buy Up,200,97800.0,0.0
FPT,09:54:48,Buy Up,500,97800.0,100.0
FPT,09:54:42,Sell Down,500,97700.0,0.0
FPT,09:54:42,Sell Down,300,97700.0,-100.0
FPT,09:54:39,Buy Up,200,97800.0,0.0
FPT,09:54:36,Buy Up,1300,97800.0,100.0
FPT,09:54:34,Sell Down,400,97700.0,-100.0
FPT,09:54:34,Buy Up,800,97800.0,0.0
FPT,09:54:33,Buy Up,200,97800.0,0.0
FPT,09:54:33,Buy Up,300,97800.0,100.0
FPT,09:54:15,Sell Down,400,97700.0,0.0
FPT,09:54:15,Sell Down,1000,97700.0,0.0
FPT,09:54:15,Sell Down,500,97700.0,-100.0
FPT,09:54:15,Buy Up,200,97800.0,0.0
FPT,09:54:15,Buy Up,200,97800.0,0.0
FPT,09:54:15,Buy Up,700,97800.0,0.0
FPT,09:54:15,Sell Down,300,97800.0,0.0
FPT,09:54:15,Sell Down,200,97800.0,0.0
FPT,09:54:06,Sell Down,400,97800.0,0.0
FPT,09:53:49,Sell Down,400,97800.0,100.0
FPT,09:53:41,Sell Down,200,97700.0,100.0
FPT,09:53:37,Sell Down,400,97600.0,0.0
FPT,09:53:36,Sell Down,100,97600.0,-100.0
FPT,09:53:27,Buy Up,100,97700.0,100.0
FPT,09:53:26,Sell Down,100,97600.0,0.0
FPT,09:53:20,Sell Down,900,97600.0,-100.0
FPT,09:53:20,Sell Down,100,97700.0,-100.0
FPT,09:53:19,Buy Up,300,97800.0,200.0
FPT,09:53:08,Sell Down,100,97600.0,0.0
FPT,09:53:08,Sell Down,400,97600.0,-300.0
FPT,09:53:07,Buy Up,800,97900.0,0.0
FPT,09:53:07,Buy Up,100,97900.0,300.0
FPT,09:52:59,Sell Down,100,97600.0,0.0
FPT,09:52:59,Sell Down,1000,97600.0,0.0
FPT,09:52:59,Sell Down,400,97600.0,0.0
FPT,09:52:59,Sell Down,100,97600.0,0.0
FPT,09:52:59,Sell Down,1000,97600.0,-200.0
FPT,09:52:59,Sell Down,400,97800.0,0.0
FPT,09:52:55,Buy Up,600,97800.0,0.0
FPT,09:52:51,Buy Up,400,97800.0,0.0
FPT,09:52:51,Buy Up,100,97800.0,0.0
FPT,09:52:50,Buy Up,200,97800.0,0.0
FPT,09:52:50,Buy Up,300,97800.0,300.0
FPT,09:52:39,Sell Down,500,97500.0,-100.0
FPT,09:52:27,Buy Up,1000,97600.0,100.0
FPT,09:52:27,Sell Down,2200,97500.0,0.0
FPT,09:52:27,Sell Down,100,97500.0,0.0
FPT,09:52:27,Sell Down,300,97500.0,0.0
FPT,09:52:27,Sell Down,200,97500.0,0.0
FPT,09:52:27,Sell Down,300,97500.0,-100.0
FPT,09:52:27,Sell Down,1000,97600.0,0.0
FPT,09:52:27,Sell Down,1000,97600.0,-100.0
FPT,09:52:27,Sell Down,2500,97700.0,-100.0
FPT,09:52:27,Sell Down,1400,97800.0,0.0
FPT,09:52:25,Sell Down,100,97800.0,0.0
FPT,09:52:20,Buy Up,1000,97800.0,100.0
FPT,09:52:17,Sell Down,100,97700.0,-100.0
FPT,09:52:16,Sell Down,200,97800.0,0.0
FPT,09:52:16,Sell Down,1000,97800.0,0.0
FPT,09:52:16,Sell Down,7700,97800.0,0.0
FPT,09:52:10,Sell Down,500,97800.0,0.0
FPT,09:52:09,Sell Down,100,97800.0,-100.0
FPT,09:52:08,Sell Down,1000,97900.0,0.0
FPT,09:52:08,Sell Down,600,97900.0,0.0
FPT,09:52:08,Sell Down,100,97900.0,0.0
FPT,09:52:08,Sell Down,1800,97900.0,0.0
FPT,09:52:06,Sell Down,100,97900.0,0.0
FPT,09:52:03,Sell Down,400,97900.0,0.0
FPT,09:52:03,Sell Down,600,97900.0,0.0
FPT,09:52:00,Sell Down,500,97900.0,0.0
FPT,09:51:51,Sell Down,100,97900.0,0.0
FPT,09:51:51,Sell Down,100,97900.0,0.0
FPT,09:51:51,Sell Down,200,97900.0,0.0
FPT,09:51:51,Sell Down,400,97900.0,0.0
FPT,09:51:51,Sell Down,1000,97900.0,0.0
FPT,09:51:51,Sell Down,300,97900.0,-100.0
FPT,09:51:49,Buy Up,500,98000.0,0.0
FPT,09:51:34,Buy Up,100,98000.0,0.0
FPT,09:51:34,Sell Down,1000,98000.0,0.0
FPT,09:51:34,Sell Down,1000,98000.0,0.0
FPT,09:51:34,Sell Down,3200,98000.0,-100.0
FPT,09:51:34,Sell Down,300,98100.0,0.0
FPT,09:51:32,Sell Down,600,98100.0,0.0
FPT,09:51:28,Buy Up,400,98100.0,0.0
FPT,09:51:28,Buy Up,700,98100.0,100.0
FPT,09:51:26,Sell Down,5000,98000.0,-100.0
FPT,09:51:24,Buy Up,100,98100.0,0.0
FPT,09:51:24,Buy Up,500,98100.0,0.0
FPT,09:51:21,Buy Up,100,98100.0,100.0
FPT,09:51:19,Sell Down,200,98000.0,0.0
FPT,09:51:19,Sell Down,1800,98000.0,0.0
FPT,09:51:19,Sell Down,1000,98000.0,0.0
FPT,09:51:19,Sell Down,1000,98000.0,0.0
FPT,09:51:19,Sell Down,300,98000.0,0.0
FPT,09:51:19,Sell Down,100,98000.0,0.0
FPT,09:51:19,Sell Down,500,98000.0,0.0
FPT,09:51:19,Sell Down,100,98000.0,-100.0
FPT,09:51:15,Buy Up,200,98100.0,0.0
FPT,09:51:14,Buy Up,200,98100.0,-200.0
FPT,09:51:11,Buy Up,2200,98300.0,0.0
FPT,09:51:11,Buy Up,2000,98300.0,0.0
FPT,09:51:11,Buy Up,500,98300.0,0.0
FPT,09:51:11,Buy Up,300,98300.0,100.0
FPT,09:51:11,Buy Up,1000,98200.0,0.0
FPT,09:51:11,Buy Up,8200,98200.0,100.0
FPT,09:51:11,Buy Up,800,98100.0,0.0
FPT,09:51:11,Sell Down,200,98100.0,-100.0
FPT,09:51:02,Sell Down,1500,98200.0,0.0
FPT,09:51:02,Sell Down,300,98200.0,-100.0
FPT,09:51:01,Buy Up,700,98300.0,0.0
FPT,09:51:01,Buy Up,300,98300.0,100.0
FPT,09:50:59,Sell Down,200,98200.0,0.0
FPT,09:50:59,Sell Down,300,98200.0,0.0
FPT,09:50:59,Sell Down,3000,98200.0,0.0
FPT,09:50:57,Sell Down,1000,98200.0,0.0
FPT,09:50:55,Sell Down,100,98200.0,0.0
FPT,09:50:51,Sell Down,500,98200.0,-100.0
FPT,09:50:49,Buy Up,200,98300.0,0.0
FPT,09:50:47,Buy Up,500,98300.0,-100.0
FPT,09:50:45,Buy Up,700,98400.0,0.0
FPT,09:50:45,Buy Up,1000,98400.0,0.0
FPT,09:50:45,Buy Up,100,98400.0,0.0
FPT,09:50:45,Buy Up,100,98400.0,0.0
FPT,09:50:45,Buy Up,1000,98400.0,0.0
FPT,09:50:45,Buy Up,100,98400.0,0.0
FPT,09:50:45,Buy Up,100,98400.0,0.0
FPT,09:50:45,Buy Up,100,98400.0,100.0
FPT,09:50:45,Buy Up,1800,98300.0,0.0
FPT,09:50:44,Buy Up,900,98300.0,0.0
FPT,09:50:44,Buy Up,100,98300.0,0.0
FPT,09:50:42,Sell Down,200,98300.0,0.0
FPT,09:50:38,Buy Up,800,98300.0,100.0
FPT,09:50:36,Sell Down,100,98200.0,-100.0
FPT,09:50:36,Buy Up,200,98300.0,0.0
FPT,09:50:36,Buy Up,100,98300.0,0.0
FPT,09:50:36,Buy Up,200,98300.0,0.0
FPT,09:50:36,Buy Up,100,98300.0,0.0
FPT,09:50:36,Buy Up,500,98300.0,0.0
FPT,09:50:36,Buy Up,100,98300.0,0.0
FPT,09:50:36,Buy Up,100,98300.0,0.0
FPT,09:50:36,Buy Up,100,98300.0,0.0
FPT,09:50:36,Buy Up,100,98300.0,0.0
FPT,09:50:36,Buy Up,100,98300.0,0.0
FPT,09:50:36,Buy Up,100,98300.0,0.0
FPT,09:50:36,Buy Up,1000,98300.0,0.0
FPT,09:50:36,Buy Up,100,98300.0,0.0
FPT,09:50:36,Buy Up,100,98300.0,0.0
FPT,09:50:36,Buy Up,1000,98300.0,0.0
FPT,09:50:36,Buy Up,200,98300.0,0.0
FPT,09:50:36,Buy Up,900,98300.0,100.0
FPT,09:50:36,Sell Down,100,98200.0,0.0
FPT,09:50:34,Sell Down,800,98200.0,0.0
FPT,09:50:34,Sell Down,2800,98200.0,0.0
FPT,09:50:33,Sell Down,200,98200.0,0.0
FPT,09:50:31,Sell Down,100,98200.0,-100.0
FPT,09:50:29,Buy Up,100,98300.0,0.0
FPT,09:50:29,Buy Up,100,98300.0,0.0
FPT,09:50:29,Buy Up,300,98300.0,0.0
FPT,09:50:29,Buy Up,100,98300.0,0.0
FPT,09:50:29,Buy Up,400,98300.0,100.0
FPT,09:50:29,Sell Down,300,98200.0,0.0
FPT,09:50:29,Sell Down,700,98200.0,0.0
FPT,09:50:29,Sell Down,100,98200.0,0.0
FPT,09:50:27,Buy Up,200,98200.0,100.0
FPT,09:50:27,Buy Up,500,98100.0,-100.0
FPT,09:50:26,Buy Up,800,98200.0,0.0
FPT,09:50:26,Buy Up,1000,98200.0,0.0
FPT,09:50:26,Buy Up,1400,98200.0,0.0
FPT,09:50:26,Buy Up,1800,98200.0,100.0
FPT,09:50:25,Sell Down,300,98100.0,0.0
FPT,09:50:24,Sell Down,800,98100.0,0.0
FPT,09:50:24,Sell Down,500,98100.0,-100.0
FPT,09:50:21,Buy Up,400,98200.0,0.0
FPT,09:50:21,Buy Up,100,98200.0,0.0
FPT,09:50:21,Buy Up,8200,98200.0,0.0
FPT,09:50:21,Buy Up,100,98200.0,0.0
FPT,09:50:21,Buy Up,5000,98200.0,0.0
FPT,09:50:21,Buy Up,100,98200.0,0.0
FPT,09:50:21,Buy Up,100,98200.0,0.0
FPT,09:50:21,Buy Up,100,98200.0,0.0
FPT,09:50:21,Buy Up,500,98200.0,0.0
FPT,09:50:21,Buy Up,200,98200.0,0.0
FPT,09:50:21,Buy Up,10000,98200.0,0.0
FPT,09:50:21,Buy Up,500,98200.0,0.0
FPT,09:50:21,Buy Up,2300,98200.0,0.0
FPT,09:50:21,Buy Up,3500,98200.0,0.0
FPT,09:50:21,Buy Up,200,98200.0,0.0
FPT,09:50:21,Buy Up,100,98200.0,0.0
FPT,09:50:21,Buy Up,1000,98200.0,0.0
FPT,09:50:21,Buy Up,1000,98200.0,0.0
FPT,09:50:21,Buy Up,3000,98200.0,0.0
FPT,09:50:21,Buy Up,100,98200.0,0.0
FPT,09:50:21,Buy Up,1000,98200.0,0.0
FPT,09:50:21,Buy Up,300,98200.0,0.0
FPT,09:50:21,Buy Up,200,98200.0,0.0
FPT,09:50:21,Buy Up,2000,98200.0,100.0
FPT,09:50:21,Sell Down,3400,98100.0,0.0
FPT,09:50:21,Sell Down,1600,98100.0,0.0
FPT,09:50:19,Sell Down,300,98100.0,0.0
FPT,09:50:19,Sell Down,800,98100.0,0.0
FPT,09:50:18,Sell Down,100,98100.0,0.0
FPT,09:50:18,Sell Down,100,98100.0,0.0
FPT,09:50:18,Sell Down,1000,98100.0,-100.0
FPT,09:50:16,Buy Up,100,98200.0,100.0
FPT,09:50:15,Sell Down,100,98100.0,0.0
FPT,09:50:12,Sell Down,100,98100.0,0.0
FPT,09:50:12,Sell Down,800,98100.0,0.0
FPT,09:50:10,Sell Down,200,98100.0,0.0
FPT,09:50:08,Sell Down,800,98100.0,0.0
FPT,09:50:03,Sell Down,800,98100.0,0.0
FPT,09:50:03,Sell Down,100,98100.0,0.0
FPT,09:50:02,Sell Down,500,98100.0,0.0
FPT,09:49:59,Sell Down,200,98100.0,0.0
FPT,09:49:58,Sell Down,200,98100.0,0.0
FPT,09:49:58,Sell Down,400,98100.0,0.0
FPT,09:49:58,Sell Down,500,98100.0,0.0
FPT,09:49:57,Sell Down,800,98100.0,0.0
FPT,09:49:56,Sell Down,100,98100.0,0.0
FPT,09:49:56,Sell Down,500,98100.0,100.0
FPT,09:49:56,Sell Down,200,98000.0,-200.0
FPT,09:49:55,Buy Up,7900,98200.0,0.0
FPT,09:49:55,Buy Up,100,98200.0,0.0
FPT,09:49:55,Buy Up,500,98200.0,0.0
FPT,09:49:55,Buy Up,100,98200.0,0.0
FPT,09:49:55,Buy Up,100,98200.0,0.0
FPT,09:49:55,Buy Up,1000,98200.0,0.0
FPT,09:49:55,Buy Up,500,98200.0,0.0
FPT,09:49:55,Buy Up,200,98200.0,0.0
FPT,09:49:55,Buy Up,100,98200.0,0.0
FPT,09:49:55,Buy Up,200,98200.0,0.0
FPT,09:49:55,Buy Up,100,98200.0,100.0
FPT,09:49:55,Buy Up,1000,98100.0,0.0
FPT,09:49:55,Buy Up,1000,98100.0,0.0
FPT,09:49:55,Buy Up,100,98100.0,0.0
FPT,09:49:55,Buy Up,100,98100.0,0.0
FPT,09:49:55,Buy Up,5000,98100.0,0.0
FPT,09:49:55,Buy Up,100,98100.0,0.0
FPT,09:49:55,Buy Up,1000,98100.0,0.0
FPT,09:49:55,Buy Up,1000,98100.0,0.0
FPT,09:49:55,Buy Up,700,98100.0,0.0
FPT,09:49:55,Buy Up,1100,98100.0,0.0
FPT,09:49:55,Buy Up,200,98100.0,0.0
FPT,09:49:55,Buy Up,500,98100.0,0.0
FPT,09:49:55,Buy Up,300,98100.0,0.0
FPT,09:49:55,Buy Up,3000,98100.0,0.0
FPT,09:49:55,Buy Up,100,98100.0,0.0
FPT,09:49:55,Buy Up,500,98100.0,0.0
FPT,09:49:55,Buy Up,2000,98100.0,0.0
FPT,09:49:55,Buy Up,100,98100.0,0.0
FPT,09:49:55,Buy Up,3300,98100.0,100.0
FPT,09:49:53,Sell Down,10300,98000.0,0.0
FPT,09:49:51,Sell Down,800,98000.0,0.0
FPT,09:49:48,Sell Down,11500,98000.0,0.0
FPT,09:49:48,Sell Down,500,98000.0,0.0
FPT,09:49:48,Sell Down,500,98000.0,0.0
FPT,09:49:48,Sell Down,1000,98000.0,0.0
FPT,09:49:47,Sell Down,100,98000.0,0.0
FPT,09:49:47,Sell Down,800,98000.0,0.0
FPT,09:49:47,Sell Down,200,98000.0,0.0
FPT,09:49:46,Sell Down,3700,98000.0,0.0
FPT,09:49:46,Sell Down,200,98000.0,-100.0
FPT,09:49:45,Buy Up,100,98100.0,0.0
FPT,09:49:45,Buy Up,500,98100.0,0.0
FPT,09:49:45,Buy Up,2000,98100.0,0.0
FPT,09:49:45,Buy Up,6200,98100.0,0.0
FPT,09:49:45,Buy Up,100,98100.0,0.0
FPT,09:49:45,Buy Up,100,98100.0,0.0
FPT,09:49:45,Buy Up,100,98100.0,0.0
FPT,09:49:45,Buy Up,1200,98100.0,0.0
FPT,09:49:45,Buy Up,200,98100.0,0.0
FPT,09:49:45,Buy Up,200,98100.0,100.0
FPT,09:49:45,Sell Down,100,98000.0,0.0
FPT,09:49:43,Sell Down,100,98000.0,0.0
FPT,09:49:43,Sell Down,800,98000.0,-100.0
FPT,09:49:42,Buy Up,200,98100.0,100.0
FPT,09:49:39,Sell Down,200,98000.0,-100.0
FPT,09:49:38,Buy Up,200,98100.0,100.0
FPT,09:49:36,Sell Down,800,98000.0,0.0
FPT,09:49:35,Sell Down,20000,98000.0,0.0
FPT,09:49:34,Sell Down,500,98000.0,0.0
FPT,09:49:33,Sell Down,100,98000.0,0.0
FPT,09:49:33,Sell Down,100,98000.0,0.0
FPT,09:49:32,Sell Down,800,98000.0,-100.0
FPT,09:49:32,Buy Up,200,98100.0,100.0
FPT,09:49:31,Sell Down,100,98000.0,0.0
FPT,09:49:31,Sell Down,100,98000.0,0.0
FPT,09:49:31,Sell Down,200,98000.0,0.0
FPT,09:49:31,Sell Down,500,98000.0,0.0
FPT,09:49:31,Sell Down,1000,98000.0,0.0
FPT,09:49:31,Sell Down,100,98000.0,0.0
FPT,09:49:31,Sell Down,200,98000.0,0.0
FPT,09:49:31,Sell Down,3000,98000.0,0.0
FPT,09:49:31,Sell Down,1200,98000.0,0.0
FPT,09:49:31,Sell Down,100,98000.0,0.0
FPT,09:49:31,Sell Down,1000,98000.0,0.0
FPT,09:49:31,Sell Down,3000,98000.0,100.0
FPT,09:49:26,Sell Down,800,97900.0,-100.0
FPT,09:49:23,Buy Up,1000,98000.0,200.0
FPT,09:49:22,Sell Down,800,97800.0,-100.0
FPT,09:49:22,Buy Up,100,97900.0,0.0
FPT,09:49:22,Buy Up,900,97900.0,100.0
FPT,09:49:19,Sell Down,100,97800.0,-100.0
FPT,09:49:19,Buy Up,100,97900.0,100.0
FPT,09:49:17,Sell Down,800,97800.0,-200.0
FPT,09:49:13,Sell Down,1000,98000.0,0.0
FPT,09:49:13,Sell Down,100,98000.0,0.0
FPT,09:49:13,Sell Down,100,98000.0,0.0
FPT,09:49:12,Sell Down,100,98000.0,0.0
FPT,09:49:10,Buy Up,500,98000.0,0.0
FPT,09:49:10,Buy Up,200,98000.0,0.0
FPT,09:49:10,Buy Up,500,98000.0,0.0
FPT,09:49:10,Buy Up,100,98000.0,0.0
FPT,09:49:10,Buy Up,100,98000.0,0.0
FPT,09:49:10,Buy Up,100,98000.0,0.0
FPT,09:49:10,Buy Up,500,98000.0,0.0
FPT,09:49:10,Buy Up,20000,98000.0,0.0
FPT,09:49:10,Buy Up,5000,98000.0,0.0
FPT,09:49:10,Buy Up,100,98000.0,0.0
FPT,09:49:10,Buy Up,500,98000.0,0.0
FPT,09:49:10,Buy Up,100,98000.0,0.0
FPT,09:49:10,Buy Up,100,98000.0,0.0
FPT,09:49:10,Buy Up,200,98000.0,100.0
FPT,09:49:10,Buy Up,100,97900.0,0.0
FPT,09:49:10,Buy Up,100,97900.0,0.0
FPT,09:49:10,Buy Up,500,97900.0,200.0
FPT,09:49:10,Sell Down,800,97700.0,0.0
FPT,09:49:06,Sell Down,500,97700.0,0.0
FPT,09:49:06,Sell Down,800,97700.0,0.0
FPT,09:49:01,Sell Down,800,97700.0,0.0
FPT,09:48:55,Sell Down,800,97700.0,100.0
FPT,09:48:53,Sell Down,1000,97600.0,0.0
FPT,09:48:50,Sell Down,300,97600.0,-100.0
FPT,09:48:50,Buy Up,500,97700.0,0.0
FPT,09:48:44,Sell Down,500,97700.0,0.0
FPT,09:48:44,Sell Down,300,97700.0,-400.0
FPT,09:48:44,Buy Up,400,98100.0,100.0
FPT,09:48:43,Buy Up,100,98000.0,0.0
FPT,09:48:43,Buy Up,1000,98000.0,0.0
FPT,09:48:42,Buy Up,100,98000.0,0.0
FPT,09:48:41,Buy Up,3900,98000.0,0.0
FPT,09:48:41,Buy Up,100,98000.0,0.0
FPT,09:48:41,Buy Up,3000,98000.0,0.0
FPT,09:48:39,Buy Up,800,98000.0,0.0
FPT,09:48:39,Buy Up,200,98000.0,0.0
FPT,09:48:39,Buy Up,2000,98000.0,300.0
FPT,09:48:38,Sell Down,800,97700.0,-300.0
FPT,09:48:34,Buy Up,500,98000.0,300.0
FPT,09:48:34,Sell Down,800,97700.0,-300.0
FPT,09:48:33,Buy Up,1000,98000.0,0.0
FPT,09:48:31,Buy Up,1000,98000.0,0.0
FPT,09:48:28,Buy Up,600,98000.0,0.0
FPT,09:48:28,Buy Up,2000,98000.0,0.0
FPT,09:48:27,Sell Down,1000,98000.0,0.0
FPT,09:48:27,Sell Down,11900,98000.0,-200.0
FPT,09:48:26,Buy Up,100,98200.0,0.0
FPT,09:48:26,Buy Up,5000,98200.0,0.0
FPT,09:48:26,Buy Up,5000,98200.0,0.0
FPT,09:48:26,Buy Up,400,98200.0,0.0
FPT,09:48:26,Buy Up,100,98200.0,100.0
FPT,09:48:26,Buy Up,100,98100.0,-100.0
FPT,09:48:26,Buy Up,1000,98200.0,0.0
FPT,09:48:26,Buy Up,100,98200.0,0.0
FPT,09:48:26,Buy Up,15000,98200.0,0.0
FPT,09:48:26,Buy Up,100,98200.0,100.0
FPT,09:48:26,Buy Up,1000,98100.0,0.0
FPT,09:48:26,Buy Up,200,98100.0,0.0
FPT,09:48:26,Buy Up,1900,98100.0,0.0
FPT,09:48:25,Buy Up,500,98100.0,0.0
FPT,09:48:23,Buy Up,500,98100.0,100.0
FPT,09:48:23,Sell Down,800,98000.0,0.0
FPT,09:48:22,Sell Down,300,98000.0,-100.0
FPT,09:48:21,Buy Up,2000,98100.0,0.0
FPT,09:48:21,Buy Up,100,98100.0,100.0
FPT,09:48:18,Sell Down,800,98000.0,-100.0
FPT,09:48:17,Buy Up,300,98100.0,0.0
FPT,09:48:17,Buy Up,500,98100.0,-100.0
FPT,09:48:17,Buy Up,500,98200.0,100.0
FPT,09:48:17,Buy Up,1000,98100.0,0.0
FPT,09:48:17,Buy Up,700,98100.0,100.0
FPT,09:48:15,Sell Down,500,98000.0,-100.0
FPT,09:48:14,Buy Up,300,98100.0,0.0
FPT,09:48:14,Buy Up,200,98100.0,0.0
FPT,09:48:14,Buy Up,4500,98100.0,0.0
FPT,09:48:13,Buy Up,500,98100.0,0.0
FPT,09:48:13,Buy Up,500,98100.0,100.0
FPT,09:48:13,Sell Down,800,98000.0,0.0
FPT,09:48:13,Sell Down,300,98000.0,0.0
FPT,09:48:08,Sell Down,800,98000.0,0.0
FPT,09:48:07,Sell Down,2000,98000.0,0.0
FPT,09:48:05,Sell Down,400,98000.0,-100.0
FPT,09:48:05,Buy Up,700,98100.0,0.0
FPT,09:48:04,Buy Up,100,98100.0,0.0
FPT,09:48:04,Buy Up,100,98100.0,0.0
FPT,09:48:04,Buy Up,100,98100.0,100.0
FPT,09:48:03,Sell Down,100,98000.0,0.0
FPT,09:48:02,Sell Down,800,98000.0,0.0
FPT,09:48:00,Sell Down,100,98000.0,0.0
FPT,09:47:57,Sell Down,200,98000.0,0.0
FPT,09:47:57,Sell Down,800,98000.0,0.0
FPT,09:47:56,Sell Down,4000,98000.0,0.0
FPT,09:47:55,Sell Down,1000,98000.0,0.0
FPT,09:47:53,Sell Down,800,98000.0,0.0
FPT,09:47:49,Sell Down,200,98000.0,-200.0
FPT,09:47:48,Buy Up,100,98200.0,0.0
FPT,09:47:48,Buy Up,300,98200.0,0.0
FPT,09:47:48,Buy Up,100,98200.0,200.0
FPT,09:47:46,Sell Down,800,98000.0,0.0
FPT,09:47:44,Sell Down,5000,98000.0,0.0
FPT,09:47:43,Sell Down,800,98000.0,0.0
FPT,09:47:39,Sell Down,100,98000.0,0.0
FPT,09:47:39,Sell Down,1000,98000.0,0.0
FPT,09:47:39,Sell Down,100,98000.0,0.0
FPT,09:47:39,Sell Down,100,98000.0,0.0
FPT,09:47:39,Buy Up,1000,98000.0,0.0
FPT,09:47:39,Buy Up,1500,98000.0,0.0
FPT,09:47:39,Buy Up,300,98000.0,0.0
FPT,09:47:39,Buy Up,500,98000.0,0.0
FPT,09:47:39,Buy Up,100,98000.0,0.0
FPT,09:47:39,Buy Up,100,98000.0,0.0
FPT,09:47:39,Buy Up,300,98000.0,0.0
FPT,09:47:39,Buy Up,100,98000.0,0.0
FPT,09:47:39,Buy Up,500,98000.0,0.0
FPT,09:47:39,Buy Up,400,98000.0,0.0
FPT,09:47:39,Buy Up,100,98000.0,0.0
FPT,09:47:39,Buy Up,20000,98000.0,0.0
FPT,09:47:39,Buy Up,100,98000.0,0.0
FPT,09:47:39,Buy Up,300,98000.0,0.0
FPT,09:47:39,Buy Up,100,98000.0,0.0
FPT,09:47:39,Buy Up,200,98000.0,0.0
FPT,09:47:39,Buy Up,100,98000.0,0.0
FPT,09:47:39,Buy Up,100,98000.0,0.0
FPT,09:47:39,Buy Up,1000,98000.0,0.0
FPT,09:47:39,Buy Up,500,98000.0,0.0
FPT,09:47:39,Buy Up,4000,98000.0,0.0
FPT,09:47:39,Buy Up,1500,98000.0,0.0
FPT,09:47:39,Buy Up,100,98000.0,100.0
FPT,09:47:39,Buy Up,500,97900.0,-100.0
FPT,09:47:39,Buy Up,1000,98000.0,0.0
FPT,09:47:39,Buy Up,100,98000.0,100.0
FPT,09:47:39,Buy Up,100,97900.0,-100.0
FPT,09:47:39,Buy Up,100,98000.0,0.0
FPT,09:47:39,Buy Up,1000,98000.0,0.0
FPT,09:47:39,Buy Up,100,98000.0,0.0
FPT,09:47:39,Buy Up,100,98000.0,0.0
FPT,09:47:39,Buy Up,8600,98000.0,0.0
FPT,09:47:39,Buy Up,300,98000.0,0.0
FPT,09:47:39,Buy Up,100,98000.0,0.0
FPT,09:47:39,Buy Up,500,98000.0,0.0
FPT,09:47:39,Buy Up,200,98000.0,0.0
FPT,09:47:39,Buy Up,100,98000.0,0.0
FPT,09:47:39,Buy Up,100,98000.0,0.0
FPT,09:47:39,Buy Up,100,98000.0,0.0
FPT,09:47:39,Buy Up,1000,98000.0,0.0
FPT,09:47:39,Buy Up,100,98000.0,0.0
FPT,09:47:39,Buy Up,300,98000.0,0.0
FPT,09:47:39,Buy Up,400,98000.0,0.0
FPT,09:47:39,Buy Up,100,98000.0,0.0
FPT,09:47:39,Buy Up,2000,98000.0,0.0
FPT,09:47:39,Buy Up,100,98000.0,0.0
FPT,09:47:39,Buy Up,500,98000.0,0.0
FPT,09:47:39,Buy Up,1300,98000.0,0.0
FPT,09:47:39,Buy Up,500,98000.0,0.0
FPT,09:47:39,Buy Up,100,98000.0,0.0
FPT,09:47:39,Buy Up,100,98000.0,100.0
FPT,09:47:39,Buy Up,200,97900.0,-100.0
FPT,09:47:39,Buy Up,300,98000.0,0.0
FPT,09:47:39,Buy Up,5000,98000.0,0.0
FPT,09:47:39,Buy Up,2000,98000.0,0.0
FPT,09:47:39,Buy Up,100,98000.0,0.0
FPT,09:47:39,Buy Up,1000,98000.0,0.0
FPT,09:47:39,Buy Up,500,98000.0,0.0
FPT,09:47:39,Buy Up,1000,98000.0,0.0
FPT,09:47:39,Buy Up,100,98000.0,100.0
FPT,09:47:39,Buy Up,500,97900.0,0.0
FPT,09:47:39,Buy Up,200,97900.0,0.0
FPT,09:47:39,Buy Up,100,97900.0,0.0
FPT,09:47:39,Buy Up,200,97900.0,0.0
FPT,09:47:39,Buy Up,1900,97900.0,0.0
FPT,09:47:37,Buy Up,100,97900.0,0.0
FPT,09:47:37,Buy Up,200,97900.0,0.0
FPT,09:47:37,Buy Up,100,97900.0,200.0
FPT,09:47:36,Sell Down,300,97700.0,-100.0
FPT,09:47:36,Sell Down,400,97800.0,0.0
FPT,09:47:31,Buy Up,5000,97800.0,0.0
FPT,09:47:31,Buy Up,100,97800.0,0.0
FPT,09:47:31,Buy Up,100,97800.0,0.0
FPT,09:47:31,Buy Up,17400,97800.0,0.0
FPT,09:47:31,Buy Up,500,97800.0,0.0
FPT,09:47:31,Buy Up,10000,97800.0,100.0
FPT,09:47:31,Buy Up,5000,97700.0,-100.0
FPT,09:47:31,Buy Up,5000,97800.0,0.0
FPT,09:47:31,Buy Up,100,97800.0,0.0
FPT,09:47:31,Buy Up,100,97800.0,0.0
FPT,09:47:31,Buy Up,200,97800.0,0.0
FPT,09:47:31,Buy Up,2500,97800.0,0.0
FPT,09:47:31,Buy Up,400,97800.0,100.0
FPT,09:47:31,Buy Up,1000,97700.0,-100.0
FPT,09:47:31,Buy Up,1000,97800.0,100.0
FPT,09:47:31,Buy Up,100,97700.0,0.0
FPT,09:47:31,Buy Up,1000,97700.0,0.0
FPT,09:47:31,Buy Up,100,97700.0,100.0
FPT,09:47:27,Sell Down,1000,97600.0,0.0
FPT,09:47:22,Sell Down,100,97600.0,0.0
FPT,09:47:22,Sell Down,100,97600.0,0.0
FPT,09:47:22,Sell Down,100,97600.0,0.0
FPT,09:47:21,Sell Down,1000,97600.0,0.0
FPT,09:47:21,Sell Down,4500,97600.0,0.0
FPT,09:47:20,Buy Up,100,97600.0,0.0
FPT,09:47:20,Buy Up,1000,97600.0,0.0
FPT,09:47:20,Buy Up,1000,97600.0,0.0
FPT,09:47:19,Buy Up,500,97600.0,0.0
FPT,09:47:19,Buy Up,100,97600.0,0.0
FPT,09:47:19,Buy Up,2300,97600.0,100.0
FPT,09:47:09,Sell Down,100,97500.0,-100.0
FPT,09:47:09,Buy Up,200,97600.0,0.0
FPT,09:47:09,Buy Up,100,97600.0,0.0
FPT,09:47:09,Buy Up,1000,97600.0,0.0
FPT,09:47:09,Buy Up,300,97600.0,0.0
FPT,09:47:09,Buy Up,100,97600.0,0.0
FPT,09:47:09,Buy Up,100,97600.0,100.0
FPT,09:47:06,Sell Down,1000,97500.0,0.0
FPT,09:47:06,Sell Down,1000,97500.0,0.0
FPT,09:46:58,Sell Down,100,97500.0,0.0
FPT,09:46:58,Sell Down,1500,97500.0,0.0
FPT,09:46:58,Sell Down,300,97500.0,0.0
FPT,09:46:58,Sell Down,100,97500.0,0.0
FPT,09:46:58,Sell Down,1000,97500.0,0.0
FPT,09:46:58,Sell Down,200,97500.0,0.0
FPT,09:46:58,Sell Down,500,97500.0,0.0
FPT,09:46:58,Sell Down,6900,97500.0,100.0
FPT,09:46:58,Sell Down,200,97400.0,0.0
FPT,09:46:58,Sell Down,100,97400.0,0.0
FPT,09:46:58,Sell Down,700,97400.0,0.0
FPT,09:46:58,Sell Down,1000,97400.0,0.0
FPT,09:46:58,Sell Down,3500,97400.0,100.0
