ticker,time,orderType,volume,price,prevPriceChange
EVF,10:36:31,Buy Up,33000,16950.0,0.0
EVF,10:36:09,Buy Up,50000,16950.0,0.0
EVF,10:35:57,Buy Up,23100,16950.0,0.0
EVF,10:35:57,Buy Up,5400,16950.0,0.0
EVF,10:35:57,Buy Up,200,16950.0,0.0
EVF,10:35:57,Buy Up,1300,16950.0,0.0
EVF,10:35:45,Buy Up,10000,16950.0,0.0
EVF,10:35:34,Buy Up,100,16950.0,0.0
EVF,10:34:46,Sell Down,200,16950.0,0.0
EVF,10:34:46,Sell Down,1000,16950.0,0.0
EVF,10:34:46,Sell Down,100,16950.0,0.0
EVF,10:34:46,Sell Down,500,16950.0,0.0
EVF,10:34:46,Sell Down,100,16950.0,0.0
EVF,10:34:46,Sell Down,300,16950.0,0.0
EVF,10:34:46,Sell Down,200,16950.0,0.0
EVF,10:34:46,Sell Down,300,16950.0,0.0
EVF,10:34:46,Sell Down,2000,16950.0,0.0
EVF,10:34:46,Sell Down,100,16950.0,0.0
EVF,10:34:46,Sell Down,300,16950.0,0.0
EVF,10:34:46,Sell Down,182500,16950.0,0.0
EVF,10:34:35,Sell Down,1000,16950.0,0.0
EVF,10:34:32,Sell Down,300,16950.0,0.0
EVF,10:34:29,Sell Down,200,16950.0,0.0
EVF,10:34:27,Sell Down,11700,16950.0,0.0
EVF,10:34:26,Sell Down,900,16950.0,0.0
EVF,10:34:13,Sell Down,100,16950.0,0.0
EVF,10:33:38,Sell Down,3300,16950.0,0.0
EVF,10:33:38,Sell Down,100,16950.0,0.0
EVF,10:33:38,Sell Down,196600,16950.0,-50.0
EVF,10:33:35,Buy Up,500,17000.0,0.0
EVF,10:33:33,Buy Up,2300,17000.0,0.0
EVF,10:33:33,Buy Up,200,17000.0,0.0
EVF,10:33:33,Buy Up,4500,17000.0,0.0
EVF,10:33:29,Buy Up,200,17000.0,0.0
EVF,10:33:16,Buy Up,300,17000.0,0.0
EVF,10:33:16,Buy Up,5000,17000.0,0.0
EVF,10:33:16,Buy Up,4800,17000.0,0.0
EVF,10:33:16,Buy Up,500,17000.0,0.0
EVF,10:33:16,Buy Up,2000,17000.0,0.0
EVF,10:33:16,Buy Up,15000,17000.0,0.0
EVF,10:33:16,Buy Up,100,17000.0,0.0
EVF,10:33:16,Buy Up,500,17000.0,0.0
EVF,10:33:16,Buy Up,200,17000.0,0.0
EVF,10:33:16,Buy Up,200,17000.0,0.0
EVF,10:33:16,Buy Up,200,17000.0,0.0
EVF,10:33:16,Buy Up,200,17000.0,0.0
EVF,10:33:16,Buy Up,3000,17000.0,0.0
EVF,10:33:16,Buy Up,500,17000.0,0.0
EVF,10:33:16,Buy Up,100,17000.0,0.0
EVF,10:33:16,Buy Up,6000,17000.0,0.0
EVF,10:33:16,Buy Up,100,17000.0,0.0
EVF,10:33:16,Buy Up,10000,17000.0,0.0
EVF,10:33:16,Buy Up,1300,17000.0,0.0
EVF,10:32:11,Buy Up,500,17000.0,0.0
EVF,10:31:57,Buy Up,5000,17000.0,0.0
EVF,10:31:40,Buy Up,300,17000.0,0.0
EVF,10:31:26,Buy Up,200,17000.0,0.0
EVF,10:31:21,Buy Up,600,17000.0,0.0
EVF,10:31:14,Buy Up,100,17000.0,0.0
EVF,10:31:14,Buy Up,200,17000.0,0.0
EVF,10:31:14,Buy Up,200,17000.0,0.0
EVF,10:30:56,Buy Up,300,17000.0,0.0
EVF,10:30:51,Buy Up,100,17000.0,0.0
EVF,10:30:01,Buy Up,5000,17000.0,0.0
EVF,10:30:01,Buy Up,7000,17000.0,0.0
EVF,10:29:57,Buy Up,800,17000.0,0.0
EVF,10:28:54,Buy Up,3500,17000.0,0.0
EVF,10:28:33,Buy Up,8700,17000.0,0.0
EVF,10:28:33,Buy Up,3300,17000.0,0.0
EVF,10:28:25,Buy Up,1000,17000.0,0.0
EVF,10:28:19,Buy Up,100,17000.0,0.0
EVF,10:28:18,Buy Up,2500,17000.0,0.0
EVF,10:28:18,Buy Up,100,17000.0,0.0
EVF,10:28:18,Buy Up,2000,17000.0,0.0
EVF,10:28:18,Sell Down,5000,17000.0,0.0
EVF,10:28:02,Buy Up,3000,17000.0,0.0
EVF,10:28:01,Buy Up,1000,17000.0,0.0
EVF,10:28:00,Buy Up,5000,17000.0,0.0
EVF,10:27:59,Buy Up,100,17000.0,0.0
EVF,10:27:41,Buy Up,900,17000.0,0.0
EVF,10:27:41,Buy Up,600,17000.0,0.0
EVF,10:27:40,Buy Up,2000,17000.0,0.0
EVF,10:27:38,Buy Up,10000,17000.0,0.0
EVF,10:27:38,Buy Up,2400,17000.0,0.0
EVF,10:27:38,Buy Up,100,17000.0,0.0
EVF,10:27:38,Buy Up,500,17000.0,0.0
EVF,10:27:38,Buy Up,100,17000.0,0.0
EVF,10:27:38,Buy Up,10000,17000.0,0.0
EVF,10:27:38,Buy Up,100,17000.0,0.0
EVF,10:27:38,Buy Up,6000,17000.0,0.0
EVF,10:27:38,Buy Up,200,17000.0,0.0
EVF,10:27:38,Buy Up,10600,17000.0,0.0
EVF,10:27:33,Buy Up,4600,17000.0,0.0
EVF,10:27:33,Buy Up,5400,17000.0,0.0
EVF,10:27:33,Buy Up,10000,17000.0,0.0
EVF,10:27:24,Buy Up,5000,17000.0,0.0
EVF,10:27:12,Buy Up,3000,17000.0,0.0
EVF,10:26:57,Buy Up,12400,17000.0,0.0
EVF,10:26:57,Buy Up,2000,17000.0,0.0
EVF,10:26:57,Buy Up,5500,17000.0,0.0
EVF,10:26:57,Buy Up,100,17000.0,0.0
EVF,10:26:57,Buy Up,3000,17000.0,0.0
EVF,10:26:57,Buy Up,100,17000.0,0.0
EVF,10:26:57,Buy Up,100,17000.0,0.0
EVF,10:26:57,Buy Up,10000,17000.0,0.0
EVF,10:26:57,Buy Up,9000,17000.0,0.0
EVF,10:26:57,Buy Up,7800,17000.0,50.0
EVF,10:26:48,Sell Down,3400,16950.0,0.0
EVF,10:26:48,Sell Down,2700,16950.0,-50.0
EVF,10:26:35,Buy Up,200,17000.0,0.0
EVF,10:26:33,Buy Up,5000,17000.0,0.0
EVF,10:26:30,Buy Up,3000,17000.0,0.0
EVF,10:26:19,Buy Up,2000,17000.0,0.0
EVF,10:26:14,Buy Up,300,17000.0,0.0
EVF,10:25:34,Buy Up,3700,17000.0,0.0
EVF,10:25:34,Buy Up,1900,17000.0,0.0
EVF,10:25:34,Buy Up,800,17000.0,0.0
EVF,10:25:16,Buy Up,9000,17000.0,0.0
EVF,10:25:16,Buy Up,100,17000.0,0.0
EVF,10:25:13,Buy Up,5000,17000.0,0.0
EVF,10:25:11,Buy Up,100,17000.0,0.0
EVF,10:25:11,Buy Up,1300,17000.0,0.0
EVF,10:25:11,Buy Up,100,17000.0,0.0
EVF,10:25:06,Buy Up,4900,17000.0,0.0
EVF,10:25:06,Buy Up,1000,17000.0,0.0
EVF,10:25:06,Buy Up,4000,17000.0,0.0
EVF,10:25:06,Buy Up,10000,17000.0,0.0
EVF,10:25:06,Buy Up,2100,17000.0,0.0
EVF,10:24:43,Buy Up,2000,17000.0,0.0
EVF,10:24:41,Buy Up,1400,17000.0,0.0
EVF,10:24:41,Buy Up,3600,17000.0,0.0
EVF,10:24:36,Buy Up,4000,17000.0,0.0
EVF,10:24:28,Buy Up,1000,17000.0,0.0
EVF,10:24:15,Buy Up,100,17000.0,0.0
EVF,10:24:07,Buy Up,3200,17000.0,0.0
EVF,10:24:07,Buy Up,1300,17000.0,0.0
EVF,10:24:07,Buy Up,300,17000.0,0.0
EVF,10:24:07,Buy Up,200,17000.0,0.0
EVF,10:23:58,Buy Up,300,17000.0,0.0
EVF,10:23:56,Buy Up,6400,17000.0,0.0
EVF,10:23:56,Buy Up,300,17000.0,0.0
EVF,10:23:56,Buy Up,6600,17000.0,0.0
EVF,10:23:56,Buy Up,700,17000.0,0.0
EVF,10:23:47,Buy Up,5000,17000.0,0.0
EVF,10:23:44,Buy Up,5000,17000.0,0.0
EVF,10:23:43,Buy Up,400,17000.0,0.0
EVF,10:23:43,Buy Up,4600,17000.0,0.0
EVF,10:23:41,Buy Up,500,17000.0,0.0
EVF,10:23:39,Buy Up,2200,17000.0,0.0
EVF,10:23:35,Buy Up,5000,17000.0,0.0
EVF,10:23:35,Buy Up,11900,17000.0,0.0
EVF,10:23:28,Sell Down,17100,17000.0,0.0
EVF,10:23:24,Sell Down,6000,17000.0,0.0
EVF,10:23:24,Sell Down,100,17000.0,0.0
EVF,10:23:24,Sell Down,2900,17000.0,0.0
EVF,10:23:24,Sell Down,7200,17000.0,0.0
EVF,10:23:21,Sell Down,5200,17000.0,0.0
EVF,10:23:19,Sell Down,200,17000.0,0.0
EVF,10:23:18,Buy Up,300,17000.0,0.0
EVF,10:23:18,Buy Up,100,17000.0,0.0
EVF,10:23:18,Buy Up,7000,17000.0,0.0
EVF,10:23:14,Sell Down,1300,17000.0,0.0
EVF,10:23:14,Sell Down,2000,17000.0,0.0
EVF,10:23:14,Sell Down,800,17000.0,0.0
EVF,10:23:12,Buy Up,300,17000.0,0.0
EVF,10:23:12,Buy Up,8900,17000.0,0.0
EVF,10:23:10,Buy Up,200,17000.0,0.0
EVF,10:23:08,Buy Up,8000,17000.0,0.0
EVF,10:23:07,Buy Up,5000,17000.0,0.0
EVF,10:23:07,Buy Up,100,17000.0,0.0
EVF,10:23:06,Sell Down,2000,17000.0,0.0
EVF,10:23:04,Buy Up,100,17000.0,0.0
EVF,10:23:04,Buy Up,2800,17000.0,0.0
EVF,10:22:59,Buy Up,10000,17000.0,0.0
EVF,10:22:57,Buy Up,2400,17000.0,0.0
EVF,10:22:53,Sell Down,100,17000.0,0.0
EVF,10:22:53,Sell Down,4600,17000.0,0.0
EVF,10:22:49,Sell Down,5400,17000.0,0.0
EVF,10:22:47,Buy Up,20100,17000.0,0.0
EVF,10:22:47,Sell Down,200,17000.0,0.0
EVF,10:22:46,Sell Down,200,17000.0,0.0
EVF,10:22:45,Buy Up,23400,17000.0,0.0
EVF,10:22:45,Buy Up,1100,17000.0,0.0
EVF,10:22:40,Buy Up,1000,17000.0,0.0
EVF,10:22:37,Buy Up,200,17000.0,0.0
EVF,10:22:35,Buy Up,5000,17000.0,0.0
EVF,10:22:34,Buy Up,400,17000.0,0.0
EVF,10:22:34,Buy Up,200,17000.0,0.0
EVF,10:22:34,Buy Up,2000,17000.0,0.0
EVF,10:22:34,Buy Up,1000,17000.0,0.0
EVF,10:22:34,Buy Up,1400,17000.0,0.0
EVF,10:22:33,Buy Up,700,17000.0,0.0
EVF,10:22:33,Buy Up,2900,17000.0,0.0
EVF,10:22:33,Buy Up,400,17000.0,0.0
EVF,10:22:30,Buy Up,600,17000.0,0.0
EVF,10:22:30,Buy Up,400,17000.0,0.0
EVF,10:22:29,Buy Up,5000,17000.0,0.0
EVF,10:22:28,Buy Up,9000,17000.0,0.0
EVF,10:22:26,Buy Up,25000,17000.0,0.0
EVF,10:22:25,Buy Up,500,17000.0,0.0
EVF,10:22:25,Buy Up,700,17000.0,0.0
EVF,10:22:25,Buy Up,2500,17000.0,0.0
EVF,10:22:24,Buy Up,1000,17000.0,0.0
EVF,10:22:23,Buy Up,6900,17000.0,0.0
EVF,10:22:23,Buy Up,7000,17000.0,0.0
EVF,10:22:23,Buy Up,23000,17000.0,0.0
EVF,10:22:23,Buy Up,400,17000.0,0.0
EVF,10:22:21,Buy Up,2000,17000.0,0.0
EVF,10:22:19,Buy Up,4600,17000.0,0.0
EVF,10:22:19,Buy Up,100,17000.0,0.0
EVF,10:22:19,Buy Up,100,17000.0,0.0
EVF,10:22:19,Buy Up,500,17000.0,0.0
EVF,10:22:19,Buy Up,2500,17000.0,0.0
EVF,10:22:19,Buy Up,300,17000.0,0.0
EVF,10:22:19,Buy Up,1000,17000.0,0.0
EVF,10:22:19,Buy Up,300,17000.0,0.0
EVF,10:22:19,Buy Up,600,17000.0,0.0
EVF,10:22:18,Buy Up,100,17000.0,0.0
EVF,10:22:14,Buy Up,400,17000.0,0.0
EVF,10:22:14,Buy Up,500,17000.0,0.0
EVF,10:22:14,Buy Up,300,17000.0,0.0
EVF,10:22:14,Buy Up,2100,17000.0,0.0
EVF,10:22:14,Buy Up,2400,17000.0,0.0
EVF,10:22:14,Buy Up,500,17000.0,0.0
EVF,10:22:11,Buy Up,1000,17000.0,0.0
EVF,10:22:09,Buy Up,100,17000.0,0.0
EVF,10:22:09,Buy Up,100,17000.0,0.0
EVF,10:22:09,Buy Up,500,17000.0,0.0
EVF,10:22:09,Buy Up,2000,17000.0,0.0
EVF,10:22:09,Buy Up,600,17000.0,0.0
EVF,10:22:09,Buy Up,500,17000.0,0.0
EVF,10:22:09,Buy Up,200,17000.0,0.0
EVF,10:22:09,Buy Up,700,17000.0,0.0
EVF,10:22:09,Buy Up,500,17000.0,0.0
EVF,10:22:09,Buy Up,1900,17000.0,0.0
EVF,10:22:09,Buy Up,200,17000.0,0.0
EVF,10:22:09,Buy Up,2500,17000.0,0.0
EVF,10:22:09,Buy Up,500,17000.0,0.0
EVF,10:22:09,Buy Up,200,17000.0,0.0
EVF,10:22:09,Buy Up,1000,17000.0,0.0
EVF,10:22:09,Buy Up,100,17000.0,0.0
EVF,10:22:09,Buy Up,30000,17000.0,0.0
EVF,10:22:09,Buy Up,200,17000.0,0.0
EVF,10:22:09,Buy Up,500,17000.0,0.0
EVF,10:22:09,Buy Up,2000,17000.0,0.0
EVF,10:22:09,Buy Up,400,17000.0,0.0
EVF,10:22:09,Buy Up,1000,17000.0,0.0
EVF,10:22:09,Buy Up,1500,17000.0,0.0
EVF,10:22:09,Buy Up,1000,17000.0,0.0
EVF,10:22:09,Buy Up,500,17000.0,0.0
EVF,10:22:09,Buy Up,1300,17000.0,0.0
EVF,10:22:07,Buy Up,1000,17000.0,0.0
EVF,10:22:03,Buy Up,1000,17000.0,0.0
EVF,10:22:00,Buy Up,200,17000.0,0.0
EVF,10:22:00,Buy Up,100,17000.0,0.0
EVF,10:22:00,Buy Up,200,17000.0,0.0
EVF,10:21:57,Buy Up,1200,17000.0,0.0
EVF,10:21:57,Buy Up,6500,17000.0,0.0
EVF,10:21:57,Buy Up,500,17000.0,0.0
EVF,10:21:57,Buy Up,1000,17000.0,0.0
EVF,10:21:57,Buy Up,200,17000.0,0.0
EVF,10:21:57,Buy Up,100,17000.0,0.0
EVF,10:21:57,Buy Up,200,17000.0,0.0
EVF,10:21:57,Buy Up,3300,17000.0,0.0
EVF,10:21:50,Buy Up,100,17000.0,0.0
EVF,10:21:50,Buy Up,2000,17000.0,0.0
EVF,10:21:48,Buy Up,2000,17000.0,0.0
EVF,10:21:45,Buy Up,300,17000.0,0.0
EVF,10:21:42,Buy Up,2200,17000.0,0.0
EVF,10:21:42,Buy Up,100,17000.0,0.0
EVF,10:21:42,Buy Up,5000,17000.0,0.0
EVF,10:21:42,Buy Up,1000,17000.0,0.0
EVF,10:21:42,Buy Up,1000,17000.0,0.0
EVF,10:21:42,Buy Up,100,17000.0,0.0
EVF,10:21:42,Buy Up,100,17000.0,0.0
EVF,10:21:42,Buy Up,100,17000.0,0.0
EVF,10:21:42,Buy Up,400,17000.0,0.0
EVF,10:21:36,Buy Up,300,17000.0,0.0
EVF,10:21:35,Buy Up,2300,17000.0,0.0
EVF,10:21:35,Buy Up,600,17000.0,0.0
EVF,10:21:35,Buy Up,2100,17000.0,0.0
EVF,10:21:33,Buy Up,7000,17000.0,0.0
EVF,10:21:32,Buy Up,10900,17000.0,0.0
EVF,10:21:32,Buy Up,200,17000.0,0.0
EVF,10:21:32,Buy Up,300,17000.0,0.0
EVF,10:21:32,Buy Up,100,17000.0,0.0
EVF,10:21:32,Buy Up,1100,17000.0,0.0
EVF,10:21:32,Buy Up,100,17000.0,0.0
EVF,10:21:32,Buy Up,600,17000.0,0.0
EVF,10:21:32,Buy Up,500,17000.0,0.0
EVF,10:21:32,Buy Up,36200,17000.0,0.0
EVF,10:21:28,Buy Up,13800,17000.0,0.0
EVF,10:21:28,Buy Up,1000,17000.0,0.0
EVF,10:21:28,Buy Up,500,17000.0,0.0
EVF,10:21:28,Buy Up,1000,17000.0,0.0
EVF,10:21:28,Buy Up,1000,17000.0,0.0
EVF,10:21:28,Buy Up,700,17000.0,0.0
EVF,10:21:28,Buy Up,500,17000.0,0.0
EVF,10:21:28,Buy Up,1000,17000.0,0.0
EVF,10:21:28,Buy Up,1000,17000.0,0.0
EVF,10:21:28,Buy Up,1000,17000.0,0.0
EVF,10:21:28,Buy Up,1000,17000.0,0.0
EVF,10:21:28,Buy Up,78500,17000.0,0.0
EVF,10:21:20,Buy Up,400,17000.0,0.0
EVF,10:21:15,Buy Up,4800,17000.0,0.0
EVF,10:21:13,Buy Up,400,17000.0,0.0
EVF,10:21:07,Buy Up,80000,17000.0,0.0
EVF,10:20:50,Buy Up,35900,17000.0,0.0
EVF,10:20:50,Buy Up,200,17000.0,0.0
EVF,10:20:50,Buy Up,500,17000.0,0.0
EVF,10:20:50,Buy Up,500,17000.0,0.0
EVF,10:20:50,Buy Up,100,17000.0,0.0
EVF,10:20:50,Buy Up,200,17000.0,0.0
EVF,10:20:50,Buy Up,1200,17000.0,0.0
EVF,10:20:50,Buy Up,1500,17000.0,0.0
EVF,10:20:50,Buy Up,400,17000.0,0.0
EVF,10:20:50,Buy Up,2000,17000.0,0.0
EVF,10:20:50,Buy Up,2000,17000.0,0.0
EVF,10:20:50,Buy Up,100,17000.0,0.0
EVF,10:20:50,Buy Up,100,17000.0,0.0
EVF,10:20:50,Buy Up,1500,17000.0,0.0
EVF,10:20:50,Buy Up,3000,17000.0,0.0
EVF,10:20:50,Buy Up,100,17000.0,0.0
EVF,10:20:50,Buy Up,400,17000.0,0.0
EVF,10:20:50,Buy Up,2000,17000.0,0.0
EVF,10:20:50,Buy Up,100,17000.0,0.0
EVF,10:20:50,Buy Up,600,17000.0,0.0
EVF,10:20:50,Buy Up,100,17000.0,0.0
EVF,10:20:50,Buy Up,4000,17000.0,0.0
EVF,10:20:50,Buy Up,38000,17000.0,0.0
EVF,10:20:50,Buy Up,3800,17000.0,0.0
EVF,10:20:50,Buy Up,100800,17000.0,0.0
EVF,10:20:50,Buy Up,900,17000.0,0.0
EVF,10:20:44,Buy Up,3700,17000.0,0.0
EVF,10:20:44,Buy Up,16300,17000.0,50.0
EVF,10:20:41,Sell Down,500,16950.0,-50.0
EVF,10:20:30,Buy Up,29700,17000.0,0.0
EVF,10:20:30,Buy Up,100,17000.0,0.0
EVF,10:20:30,Buy Up,200,17000.0,50.0
EVF,10:20:30,Sell Down,100,16950.0,0.0
EVF,10:20:19,Sell Down,1000,16950.0,0.0
EVF,10:20:13,Sell Down,400,16950.0,-50.0
EVF,10:20:08,Buy Up,300,17000.0,50.0
EVF,10:20:01,Sell Down,1100,16950.0,0.0
EVF,10:20:01,Sell Down,100,16950.0,0.0
EVF,10:20:01,Sell Down,200,16950.0,0.0
EVF,10:20:01,Sell Down,1000,16950.0,0.0
EVF,10:20:01,Sell Down,25000,16950.0,0.0
EVF,10:20:01,Buy Up,1000,16950.0,0.0
EVF,10:20:01,Buy Up,4100,16950.0,0.0
EVF,10:20:01,Buy Up,20000,16950.0,0.0
EVF,10:20:01,Buy Up,1000,16950.0,0.0
EVF,10:20:01,Buy Up,200,16950.0,0.0
EVF,10:20:01,Buy Up,100,16950.0,0.0
EVF,10:20:01,Buy Up,1000,16950.0,0.0
EVF,10:20:01,Buy Up,2000,16950.0,0.0
EVF,10:20:01,Buy Up,3000,16950.0,0.0
EVF,10:20:01,Buy Up,400,16950.0,0.0
EVF,10:20:01,Buy Up,1000,16950.0,0.0
EVF,10:20:01,Buy Up,700,16950.0,0.0
EVF,10:20:01,Buy Up,200,16950.0,0.0
EVF,10:20:01,Buy Up,500,16950.0,0.0
EVF,10:20:01,Buy Up,2000,16950.0,0.0
EVF,10:20:01,Buy Up,20000,16950.0,0.0
EVF,10:20:01,Buy Up,500,16950.0,0.0
EVF,10:20:01,Buy Up,1500,16950.0,0.0
EVF,10:20:01,Buy Up,100,16950.0,0.0
EVF,10:20:01,Buy Up,1000,16950.0,0.0
EVF,10:20:01,Buy Up,300,16950.0,0.0
EVF,10:20:01,Buy Up,100,16950.0,0.0
EVF,10:20:01,Buy Up,100,16950.0,0.0
EVF,10:20:01,Buy Up,7100,16950.0,0.0
EVF,10:20:01,Buy Up,500,16950.0,0.0
EVF,10:19:57,Buy Up,400,16950.0,0.0
EVF,10:19:56,Buy Up,2000,16950.0,0.0
EVF,10:19:56,Buy Up,1100,16950.0,0.0
EVF,10:19:56,Buy Up,100,16950.0,0.0
EVF,10:19:56,Buy Up,800,16950.0,0.0
EVF,10:19:55,Buy Up,800,16950.0,0.0
EVF,10:19:52,Buy Up,200,16950.0,0.0
EVF,10:19:46,Buy Up,15200,16950.0,0.0
EVF,10:19:46,Buy Up,100,16950.0,0.0
EVF,10:19:46,Buy Up,34700,16950.0,0.0
EVF,10:19:15,Buy Up,4100,16950.0,50.0
EVF,10:19:15,Sell Down,700,16900.0,-50.0
EVF,10:19:13,Buy Up,100,16950.0,0.0
EVF,10:19:12,Buy Up,3000,16950.0,0.0
EVF,10:18:55,Buy Up,8100,16950.0,0.0
EVF,10:18:55,Buy Up,100,16950.0,0.0
EVF,10:18:55,Buy Up,25000,16950.0,0.0
EVF,10:18:55,Buy Up,100,16950.0,0.0
EVF,10:18:55,Buy Up,3000,16950.0,0.0
EVF,10:18:55,Buy Up,1000,16950.0,0.0
EVF,10:18:55,Buy Up,1000,16950.0,0.0
EVF,10:18:55,Buy Up,100,16950.0,0.0
EVF,10:18:55,Buy Up,100,16950.0,0.0
EVF,10:18:55,Buy Up,500,16950.0,0.0
EVF,10:18:55,Buy Up,100,16950.0,0.0
EVF,10:18:55,Buy Up,1900,16950.0,0.0
EVF,10:18:53,Buy Up,20100,16950.0,0.0
EVF,10:18:53,Buy Up,300,16950.0,0.0
EVF,10:18:53,Buy Up,79600,16950.0,0.0
EVF,10:18:47,Buy Up,200,16950.0,0.0
EVF,10:18:11,Buy Up,300,16950.0,0.0
EVF,10:18:07,Buy Up,2200,16950.0,0.0
EVF,10:18:07,Buy Up,100,16950.0,0.0
EVF,10:17:57,Buy Up,30000,16950.0,50.0
EVF,10:17:48,Sell Down,100,16900.0,0.0
EVF,10:17:44,Sell Down,100,16900.0,0.0
EVF,10:17:17,Sell Down,4900,16900.0,0.0
EVF,10:17:04,Sell Down,100,16900.0,0.0
EVF,10:16:59,Sell Down,5600,16900.0,0.0
EVF,10:16:48,Sell Down,15700,16900.0,0.0
EVF,10:16:46,Buy Up,6300,16900.0,0.0
EVF,10:16:46,Buy Up,100,16900.0,0.0
EVF,10:16:46,Buy Up,17000,16900.0,0.0
EVF,10:16:46,Buy Up,7600,16900.0,0.0
EVF,10:16:37,Buy Up,4900,16900.0,0.0
EVF,10:16:36,Buy Up,500,16900.0,0.0
EVF,10:16:33,Buy Up,9000,16900.0,0.0
EVF,10:16:33,Buy Up,2000,16900.0,0.0
EVF,10:16:33,Buy Up,10000,16900.0,0.0
EVF,10:16:27,Buy Up,4000,16900.0,0.0
EVF,10:16:27,Buy Up,100,16900.0,0.0
EVF,10:16:27,Buy Up,100,16900.0,0.0
EVF,10:16:27,Buy Up,500,16900.0,0.0
EVF,10:16:27,Buy Up,1100,16900.0,0.0
EVF,10:16:27,Buy Up,200,16900.0,0.0
EVF,10:16:27,Buy Up,2000,16900.0,0.0
EVF,10:16:27,Buy Up,1000,16900.0,0.0
EVF,10:16:27,Buy Up,200,16900.0,0.0
EVF,10:16:27,Buy Up,2000,16900.0,0.0
EVF,10:16:27,Buy Up,500,16900.0,0.0
EVF,10:16:27,Buy Up,500,16900.0,0.0
EVF,10:16:27,Buy Up,10000,16900.0,0.0
EVF,10:16:27,Buy Up,67800,16900.0,50.0
EVF,10:16:17,Sell Down,100,16850.0,-50.0
EVF,10:16:14,Buy Up,1000,16900.0,0.0
EVF,10:16:13,Buy Up,38000,16900.0,0.0
EVF,10:16:07,Buy Up,13200,16900.0,0.0
EVF,10:16:07,Buy Up,6800,16900.0,50.0
EVF,10:16:06,Sell Down,100,16850.0,-50.0
EVF,10:15:54,Buy Up,10000,16900.0,0.0
EVF,10:15:49,Buy Up,300,16900.0,0.0
EVF,10:15:40,Buy Up,4600,16900.0,0.0
EVF,10:15:36,Buy Up,80000,16900.0,50.0
EVF,10:15:28,Sell Down,300,16850.0,-50.0
EVF,10:15:15,Buy Up,50000,16900.0,50.0
EVF,10:15:14,Sell Down,3100,16850.0,0.0
EVF,10:15:14,Sell Down,5900,16850.0,-50.0
EVF,10:15:10,Buy Up,30000,16900.0,50.0
EVF,10:15:01,Sell Down,500,16850.0,0.0
EVF,10:14:10,Sell Down,1000,16850.0,0.0
EVF,10:13:09,Sell Down,4000,16850.0,-50.0
EVF,10:12:23,Buy Up,400,16900.0,0.0
EVF,10:11:29,Buy Up,500,16900.0,50.0
EVF,10:10:02,Sell Down,5000,16850.0,0.0
EVF,10:09:50,Sell Down,1000,16850.0,0.0
EVF,10:09:29,Sell Down,5000,16850.0,0.0
EVF,10:09:13,Sell Down,300,16850.0,0.0
EVF,10:08:53,Sell Down,11000,16850.0,0.0
EVF,10:08:53,Sell Down,300,16850.0,0.0
EVF,10:08:53,Sell Down,1500,16850.0,0.0
EVF,10:08:53,Sell Down,200,16850.0,0.0
EVF,10:08:53,Sell Down,114300,16850.0,50.0
EVF,10:08:32,Sell Down,1800,16800.0,-50.0
EVF,10:08:14,Buy Up,1000,16850.0,0.0
EVF,10:08:02,Buy Up,1000,16850.0,0.0
EVF,10:06:51,Buy Up,3000,16850.0,0.0
EVF,10:06:51,Buy Up,3000,16850.0,0.0
EVF,10:06:51,Buy Up,3000,16850.0,0.0
EVF,10:06:51,Buy Up,3000,16850.0,0.0
EVF,10:06:51,Buy Up,3000,16850.0,0.0
EVF,10:06:46,Sell Down,1500,16850.0,0.0
EVF,10:06:46,Sell Down,600,16850.0,0.0
EVF,10:06:46,Sell Down,100000,16850.0,0.0
EVF,10:06:46,Sell Down,5500,16850.0,0.0
EVF,10:06:46,Sell Down,200,16850.0,0.0
EVF,10:06:46,Sell Down,100,16850.0,0.0
EVF,10:06:46,Sell Down,2000,16850.0,0.0
EVF,10:06:46,Sell Down,200,16850.0,0.0
EVF,10:06:46,Sell Down,4000,16850.0,0.0
EVF,10:06:46,Sell Down,54600,16850.0,-50.0
EVF,10:06:40,Sell Down,1000,16900.0,0.0
EVF,10:06:40,Sell Down,2000,16900.0,0.0
EVF,10:06:40,Sell Down,6000,16900.0,0.0
EVF,10:06:40,Sell Down,300,16900.0,0.0
EVF,10:06:40,Sell Down,100000,16900.0,0.0
EVF,10:06:40,Sell Down,8100,16900.0,-50.0
EVF,10:06:25,Buy Up,1900,16950.0,0.0
EVF,10:06:19,Buy Up,30000,16950.0,0.0
EVF,10:05:49,Buy Up,50000,16950.0,0.0
EVF,10:05:31,Buy Up,5700,16950.0,0.0
EVF,10:05:31,Buy Up,2000,16950.0,0.0
EVF,10:05:31,Buy Up,1300,16950.0,0.0
EVF,10:05:24,Buy Up,8700,16950.0,0.0
EVF,10:05:24,Buy Up,6300,16950.0,0.0
EVF,10:05:18,Buy Up,9000,16950.0,0.0
EVF,10:05:13,Buy Up,5000,16950.0,0.0
EVF,10:05:06,Buy Up,14700,16950.0,0.0
EVF,10:05:06,Buy Up,100,16950.0,0.0
EVF,10:05:06,Buy Up,200,16950.0,50.0
EVF,10:05:03,Sell Down,16000,16900.0,-50.0
EVF,10:04:31,Buy Up,10000,16950.0,50.0
EVF,10:04:29,Sell Down,1000,16900.0,-50.0
EVF,10:04:26,Buy Up,50000,16950.0,50.0
EVF,10:04:13,Sell Down,200,16900.0,0.0
EVF,10:04:10,Sell Down,800,16900.0,0.0
EVF,10:04:01,Buy Up,1000,16900.0,0.0
EVF,10:04:01,Buy Up,5000,16900.0,0.0
EVF,10:04:01,Buy Up,1500,16900.0,0.0
EVF,10:04:01,Buy Up,1500,16900.0,0.0
EVF,10:04:01,Buy Up,1300,16900.0,0.0
EVF,10:04:01,Buy Up,100,16900.0,0.0
EVF,10:04:01,Buy Up,1000,16900.0,0.0
EVF,10:04:01,Buy Up,3000,16900.0,0.0
EVF,10:04:01,Buy Up,22000,16900.0,0.0
EVF,10:04:01,Buy Up,5000,16900.0,0.0
EVF,10:04:01,Buy Up,1000,16900.0,0.0
EVF,10:04:01,Buy Up,5000,16900.0,0.0
EVF,10:04:01,Buy Up,100,16900.0,0.0
EVF,10:04:01,Buy Up,300,16900.0,0.0
EVF,10:04:01,Buy Up,17000,16900.0,0.0
EVF,10:04:01,Buy Up,200,16900.0,0.0
EVF,10:04:01,Buy Up,1000,16900.0,0.0
EVF,10:04:01,Buy Up,600,16900.0,0.0
EVF,10:04:01,Buy Up,200,16900.0,0.0
EVF,10:04:01,Buy Up,1000,16900.0,0.0
EVF,10:04:01,Buy Up,1000,16900.0,0.0
EVF,10:04:01,Buy Up,200,16900.0,0.0
EVF,10:04:01,Buy Up,1000,16900.0,0.0
EVF,10:04:01,Buy Up,200,16900.0,0.0
EVF,10:04:01,Buy Up,2000,16900.0,0.0
EVF,10:04:01,Buy Up,300,16900.0,0.0
EVF,10:04:01,Buy Up,200,16900.0,0.0
EVF,10:04:01,Buy Up,1200,16900.0,50.0
EVF,10:03:55,Sell Down,5400,16850.0,0.0
EVF,10:03:55,Sell Down,6100,16850.0,-50.0
EVF,10:03:54,Buy Up,14800,16900.0,0.0
EVF,10:03:54,Buy Up,10000,16900.0,0.0
EVF,10:03:54,Buy Up,7000,16900.0,0.0
EVF,10:03:54,Buy Up,1000,16900.0,0.0
EVF,10:03:54,Buy Up,1000,16900.0,0.0
EVF,10:03:54,Buy Up,500,16900.0,0.0
EVF,10:03:54,Buy Up,100,16900.0,0.0
EVF,10:03:54,Buy Up,200,16900.0,0.0
EVF,10:03:54,Buy Up,100,16900.0,0.0
EVF,10:03:54,Buy Up,4300,16900.0,0.0
EVF,10:03:54,Buy Up,100,16900.0,0.0
EVF,10:03:54,Buy Up,17000,16900.0,0.0
EVF,10:03:54,Buy Up,100,16900.0,0.0
EVF,10:03:54,Buy Up,3000,16900.0,0.0
EVF,10:03:54,Buy Up,7000,16900.0,0.0
EVF,10:03:54,Buy Up,25000,16900.0,0.0
EVF,10:03:54,Buy Up,1000,16900.0,0.0
EVF,10:03:54,Buy Up,1000,16900.0,0.0
EVF,10:03:54,Buy Up,1000,16900.0,0.0
EVF,10:03:54,Buy Up,1000,16900.0,0.0
EVF,10:03:54,Buy Up,100,16900.0,0.0
EVF,10:03:54,Buy Up,100,16900.0,0.0
EVF,10:03:54,Buy Up,100,16900.0,0.0
EVF,10:03:54,Buy Up,100,16900.0,0.0
EVF,10:03:54,Buy Up,300,16900.0,0.0
EVF,10:03:54,Buy Up,200,16900.0,0.0
EVF,10:03:54,Buy Up,1000,16900.0,0.0
EVF,10:03:54,Buy Up,1000,16900.0,0.0
EVF,10:03:54,Buy Up,1900,16900.0,50.0
EVF,10:03:26,Sell Down,40000,16850.0,-50.0
EVF,10:03:15,Buy Up,16100,16900.0,0.0
EVF,10:03:15,Buy Up,2100,16900.0,0.0
EVF,10:03:15,Buy Up,2000,16900.0,0.0
EVF,10:03:15,Buy Up,500,16900.0,0.0
EVF,10:03:15,Buy Up,3000,16900.0,0.0
EVF,10:03:15,Buy Up,100,16900.0,0.0
EVF,10:03:15,Buy Up,100,16900.0,0.0
EVF,10:03:15,Buy Up,2000,16900.0,0.0
EVF,10:03:15,Buy Up,3300,16900.0,0.0
EVF,10:03:15,Buy Up,800,16900.0,0.0
EVF,10:03:12,Buy Up,20000,16900.0,50.0
EVF,10:03:02,Sell Down,2000,16850.0,0.0
EVF,10:02:27,Sell Down,1400,16850.0,-50.0
EVF,10:02:26,Buy Up,12000,16900.0,50.0
EVF,10:02:24,Sell Down,5000,16850.0,-50.0
EVF,10:02:23,Buy Up,8000,16900.0,0.0
EVF,10:02:17,Buy Up,6000,16900.0,50.0
EVF,10:02:17,Sell Down,5000,16850.0,0.0
EVF,10:01:14,Sell Down,3000,16850.0,-50.0
EVF,10:00:55,Buy Up,2000,16900.0,0.0
EVF,10:00:54,Buy Up,5000,16900.0,0.0
EVF,10:00:50,Buy Up,3000,16900.0,0.0
EVF,10:00:47,Buy Up,8000,16900.0,0.0
EVF,10:00:43,Buy Up,5000,16900.0,50.0
EVF,10:00:38,Sell Down,200,16850.0,0.0
EVF,10:00:29,Sell Down,7300,16850.0,0.0
EVF,10:00:29,Sell Down,2700,16850.0,-50.0
EVF,10:00:23,Buy Up,30000,16900.0,50.0
EVF,10:00:02,Sell Down,5000,16850.0,-50.0
EVF,09:59:44,Buy Up,200,16900.0,0.0
EVF,09:59:44,Buy Up,1000,16900.0,0.0
EVF,09:59:44,Buy Up,3000,16900.0,0.0
EVF,09:59:44,Buy Up,15800,16900.0,50.0
EVF,09:59:37,Sell Down,11000,16850.0,0.0
EVF,09:59:35,Sell Down,100,16850.0,0.0
EVF,09:59:11,Sell Down,100,16850.0,-50.0
EVF,09:59:07,Buy Up,1200,16900.0,0.0
EVF,09:59:07,Buy Up,900,16900.0,0.0
EVF,09:59:07,Buy Up,1000,16900.0,0.0
EVF,09:59:07,Buy Up,400,16900.0,0.0
EVF,09:59:03,Buy Up,100,16900.0,0.0
EVF,09:59:03,Buy Up,4000,16900.0,0.0
EVF,09:59:03,Buy Up,900,16900.0,50.0
EVF,09:59:01,Sell Down,5000,16850.0,0.0
EVF,09:58:52,Buy Up,2000,16850.0,0.0
EVF,09:58:52,Buy Up,3000,16850.0,0.0
EVF,09:58:52,Buy Up,100,16850.0,0.0
EVF,09:58:52,Buy Up,200,16850.0,0.0
EVF,09:58:52,Buy Up,1000,16850.0,0.0
EVF,09:58:52,Buy Up,1000,16850.0,0.0
EVF,09:58:52,Buy Up,200,16850.0,0.0
EVF,09:58:52,Buy Up,500,16850.0,0.0
EVF,09:58:52,Buy Up,18100,16850.0,0.0
EVF,09:58:35,Buy Up,1000,16850.0,0.0
EVF,09:58:11,Buy Up,5900,16850.0,0.0
EVF,09:58:11,Buy Up,500,16850.0,0.0
EVF,09:58:11,Buy Up,600,16850.0,0.0
EVF,09:58:11,Buy Up,6000,16850.0,0.0
EVF,09:58:11,Buy Up,100,16850.0,0.0
EVF,09:58:11,Buy Up,200,16850.0,0.0
EVF,09:58:11,Buy Up,200,16850.0,0.0
EVF,09:58:11,Buy Up,6500,16850.0,0.0
EVF,09:58:05,Buy Up,100,16850.0,0.0
EVF,09:57:52,Buy Up,19000,16850.0,0.0
EVF,09:57:51,Buy Up,8000,16850.0,0.0
EVF,09:57:48,Buy Up,1000,16850.0,0.0
EVF,09:57:40,Buy Up,12000,16850.0,0.0
EVF,09:57:32,Buy Up,5000,16850.0,0.0
EVF,09:57:24,Buy Up,3000,16850.0,0.0
EVF,09:57:20,Buy Up,400,16850.0,50.0
EVF,09:57:15,Sell Down,100,16800.0,-50.0
EVF,09:56:44,Buy Up,2000,16850.0,50.0
EVF,09:56:25,Sell Down,1500,16800.0,-50.0
EVF,09:56:07,Buy Up,1700,16850.0,0.0
EVF,09:56:06,Buy Up,1300,16850.0,0.0
EVF,09:56:06,Buy Up,200,16850.0,0.0
EVF,09:56:06,Buy Up,9000,16850.0,0.0
EVF,09:56:06,Buy Up,50000,16850.0,0.0
EVF,09:56:06,Buy Up,11000,16850.0,0.0
EVF,09:56:06,Buy Up,600,16850.0,0.0
EVF,09:56:06,Buy Up,7900,16850.0,50.0
EVF,09:55:57,Sell Down,500,16800.0,-50.0
EVF,09:55:49,Buy Up,100,16850.0,0.0
EVF,09:55:23,Buy Up,10000,16850.0,0.0
EVF,09:55:18,Buy Up,12000,16850.0,0.0
EVF,09:55:18,Buy Up,10000,16850.0,0.0
EVF,09:55:18,Buy Up,8000,16850.0,50.0
EVF,09:55:02,Sell Down,3900,16800.0,-50.0
EVF,09:54:40,Buy Up,400,16850.0,0.0
EVF,09:54:36,Buy Up,2600,16850.0,0.0
EVF,09:54:36,Buy Up,1000,16850.0,0.0
EVF,09:54:36,Buy Up,300,16850.0,0.0
EVF,09:54:36,Buy Up,500,16850.0,0.0
EVF,09:54:36,Buy Up,4600,16850.0,0.0
EVF,09:54:31,Buy Up,4400,16850.0,0.0
EVF,09:54:31,Buy Up,600,16850.0,0.0
EVF,09:54:26,Buy Up,7000,16850.0,50.0
EVF,09:54:03,Sell Down,22000,16800.0,-50.0
EVF,09:54:01,Buy Up,5000,16850.0,0.0
EVF,09:53:58,Buy Up,3700,16850.0,0.0
EVF,09:53:21,Buy Up,50000,16850.0,0.0
EVF,09:53:13,Buy Up,500,16850.0,0.0
EVF,09:53:06,Buy Up,15000,16850.0,0.0
EVF,09:52:55,Buy Up,5000,16850.0,0.0
EVF,09:51:55,Buy Up,13200,16850.0,0.0
EVF,09:51:55,Buy Up,5800,16850.0,50.0
EVF,09:51:42,Sell Down,3000,16800.0,0.0
EVF,09:51:42,Sell Down,200,16800.0,0.0
EVF,09:51:42,Sell Down,1000,16800.0,0.0
EVF,09:51:42,Sell Down,400,16800.0,0.0
EVF,09:51:41,Buy Up,4000,16800.0,0.0
EVF,09:51:41,Buy Up,100,16800.0,0.0
EVF,09:51:41,Buy Up,3000,16800.0,0.0
EVF,09:51:41,Buy Up,3000,16800.0,0.0
EVF,09:51:41,Buy Up,100,16800.0,0.0
EVF,09:51:41,Buy Up,11600,16800.0,0.0
EVF,09:51:37,Buy Up,400,16800.0,0.0
EVF,09:51:37,Buy Up,200,16800.0,0.0
EVF,09:51:37,Buy Up,400,16800.0,0.0
EVF,09:51:25,Buy Up,500,16800.0,0.0
EVF,09:51:19,Buy Up,2100,16800.0,0.0
EVF,09:51:19,Buy Up,200,16800.0,0.0
EVF,09:51:19,Buy Up,2700,16800.0,0.0
EVF,09:51:10,Buy Up,800,16800.0,0.0
EVF,09:51:10,Buy Up,600,16800.0,0.0
EVF,09:51:10,Buy Up,14300,16800.0,0.0
EVF,09:51:10,Buy Up,3300,16800.0,0.0
EVF,09:51:10,Buy Up,1000,16800.0,0.0
EVF,09:51:08,Buy Up,900,16800.0,0.0
EVF,09:51:04,Buy Up,1000,16800.0,0.0
EVF,09:51:00,Buy Up,11800,16800.0,0.0
EVF,09:51:00,Buy Up,3200,16800.0,0.0
EVF,09:50:55,Buy Up,5000,16800.0,0.0
EVF,09:50:39,Buy Up,800,16800.0,0.0
EVF,09:50:39,Buy Up,4200,16800.0,0.0
EVF,09:50:33,Buy Up,9000,16800.0,0.0
EVF,09:50:29,Buy Up,5000,16800.0,0.0
EVF,09:50:25,Buy Up,19000,16800.0,0.0
EVF,09:50:01,Buy Up,12800,16800.0,0.0
EVF,09:50:01,Buy Up,2300,16800.0,0.0
EVF,09:50:01,Buy Up,14900,16800.0,0.0
EVF,09:49:55,Buy Up,10000,16800.0,0.0
EVF,09:49:52,Buy Up,20000,16800.0,0.0
EVF,09:49:51,Buy Up,20000,16800.0,0.0
EVF,09:49:42,Buy Up,200,16800.0,0.0
EVF,09:49:30,Buy Up,1000,16800.0,0.0
EVF,09:49:29,Buy Up,500,16800.0,0.0
EVF,09:49:24,Buy Up,200,16800.0,0.0
EVF,09:49:10,Buy Up,100,16800.0,0.0
EVF,09:48:26,Buy Up,600,16800.0,50.0
EVF,09:48:09,Sell Down,1000,16750.0,0.0
EVF,09:46:55,Sell Down,900,16750.0,-50.0
EVF,09:46:51,Buy Up,8000,16800.0,0.0
EVF,09:46:47,Buy Up,4500,16800.0,0.0
EVF,09:46:47,Buy Up,500,16800.0,50.0
EVF,09:46:33,Buy Up,100,16750.0,0.0
EVF,09:46:33,Buy Up,6000,16750.0,0.0
EVF,09:46:33,Buy Up,700,16750.0,0.0
EVF,09:46:33,Buy Up,500,16750.0,0.0
EVF,09:46:33,Buy Up,100,16750.0,0.0
EVF,09:46:33,Buy Up,500,16750.0,0.0
EVF,09:46:33,Buy Up,1900,16750.0,0.0
EVF,09:46:33,Buy Up,100,16750.0,0.0
EVF,09:46:33,Buy Up,3000,16750.0,0.0
EVF,09:46:33,Buy Up,200,16750.0,0.0
EVF,09:46:33,Buy Up,4800,16750.0,0.0
EVF,09:46:29,Buy Up,45200,16750.0,0.0
EVF,09:46:29,Buy Up,50000,16750.0,0.0
EVF,09:46:29,Buy Up,800,16750.0,0.0
EVF,09:46:29,Buy Up,4000,16750.0,50.0
EVF,09:46:29,Sell Down,2300,16700.0,-50.0
EVF,09:45:47,Buy Up,5000,16750.0,0.0
EVF,09:45:46,Buy Up,30000,16750.0,0.0
EVF,09:45:37,Buy Up,19000,16750.0,0.0
EVF,09:45:31,Buy Up,5000,16750.0,0.0
EVF,09:45:28,Buy Up,10000,16750.0,0.0
EVF,09:45:24,Buy Up,2000,16750.0,0.0
EVF,09:44:25,Buy Up,20000,16750.0,0.0
EVF,09:44:21,Buy Up,5000,16750.0,0.0
EVF,09:44:21,Buy Up,3000,16750.0,0.0
EVF,09:44:17,Buy Up,5000,16750.0,50.0
EVF,09:43:47,Sell Down,1100,16700.0,-50.0
EVF,09:43:46,Buy Up,100,16750.0,0.0
EVF,09:42:26,Buy Up,1100,16750.0,50.0
EVF,09:41:57,Sell Down,500,16700.0,0.0
EVF,09:41:49,Buy Up,1000,16700.0,0.0
EVF,09:41:49,Buy Up,1000,16700.0,0.0
EVF,09:41:49,Buy Up,1600,16700.0,0.0
EVF,09:41:25,Buy Up,2900,16700.0,0.0
EVF,09:41:25,Buy Up,17000,16700.0,0.0
EVF,09:41:25,Buy Up,100,16700.0,0.0
EVF,09:41:08,Buy Up,200,16700.0,0.0
EVF,09:40:00,Buy Up,500,16700.0,0.0
EVF,09:39:53,Buy Up,100,16700.0,0.0
EVF,09:39:52,Buy Up,9100,16700.0,0.0
EVF,09:39:52,Buy Up,100,16700.0,0.0
EVF,09:39:52,Buy Up,800,16700.0,0.0
EVF,09:39:46,Buy Up,5000,16700.0,0.0
EVF,09:39:37,Buy Up,10000,16700.0,0.0
EVF,09:39:37,Buy Up,3200,16700.0,0.0
EVF,09:39:37,Buy Up,600,16700.0,0.0
EVF,09:39:37,Buy Up,1200,16700.0,0.0
EVF,09:39:17,Buy Up,500,16700.0,0.0
EVF,09:39:03,Buy Up,1600,16700.0,0.0
EVF,09:38:33,Buy Up,1700,16700.0,0.0
EVF,09:38:33,Buy Up,1300,16700.0,0.0
EVF,09:38:27,Buy Up,700,16700.0,0.0
EVF,09:38:27,Buy Up,2300,16700.0,0.0
EVF,09:37:56,Buy Up,3000,16700.0,0.0
EVF,09:37:51,Buy Up,500,16700.0,0.0
EVF,09:36:47,Buy Up,100,16700.0,0.0
EVF,09:36:45,Buy Up,100,16700.0,0.0
EVF,09:36:45,Buy Up,900,16700.0,0.0
EVF,09:36:02,Buy Up,100,16700.0,0.0
EVF,09:36:00,Buy Up,300,16700.0,0.0
EVF,09:34:11,Buy Up,2000,16700.0,0.0
EVF,09:34:06,Buy Up,1700,16700.0,0.0
EVF,09:34:06,Buy Up,1300,16700.0,0.0
EVF,09:33:48,Buy Up,3300,16700.0,0.0
EVF,09:33:40,Buy Up,10000,16700.0,0.0
EVF,09:33:32,Buy Up,500,16700.0,0.0
EVF,09:33:32,Buy Up,300,16700.0,0.0
EVF,09:33:32,Buy Up,400,16700.0,0.0
EVF,09:33:32,Buy Up,8800,16700.0,0.0
EVF,09:33:03,Sell Down,1000,16700.0,0.0
EVF,09:33:03,Sell Down,1000,16700.0,0.0
EVF,09:33:03,Sell Down,2700,16700.0,0.0
EVF,09:32:57,Sell Down,10000,16700.0,0.0
EVF,09:32:38,Buy Up,200,16700.0,0.0
EVF,09:32:38,Buy Up,1000,16700.0,0.0
EVF,09:32:38,Buy Up,1000,16700.0,0.0
EVF,09:32:38,Buy Up,200,16700.0,0.0
EVF,09:32:38,Buy Up,1300,16700.0,0.0
EVF,09:32:38,Buy Up,3600,16700.0,0.0
EVF,09:32:34,Buy Up,500,16700.0,0.0
EVF,09:31:55,Buy Up,1000,16700.0,0.0
EVF,09:31:41,Buy Up,100,16700.0,0.0
EVF,09:31:28,Buy Up,700,16700.0,0.0
EVF,09:31:27,Buy Up,2700,16700.0,0.0
EVF,09:31:27,Buy Up,18300,16700.0,0.0
EVF,09:31:12,Buy Up,5000,16700.0,0.0
EVF,09:31:08,Buy Up,2000,16700.0,0.0
EVF,09:30:50,Buy Up,700,16700.0,0.0
EVF,09:30:45,Buy Up,400,16700.0,0.0
EVF,09:30:30,Buy Up,400,16700.0,0.0
EVF,09:30:27,Buy Up,2000,16700.0,0.0
EVF,09:30:04,Buy Up,1000,16700.0,0.0
EVF,09:30:02,Buy Up,200,16700.0,0.0
EVF,09:30:02,Buy Up,800,16700.0,0.0
EVF,09:29:37,Buy Up,13000,16700.0,0.0
EVF,09:29:21,Sell Down,1000,16700.0,0.0
EVF,09:29:21,Sell Down,5200,16700.0,0.0
EVF,09:29:19,Sell Down,2000,16700.0,0.0
EVF,09:29:17,Sell Down,4800,16700.0,0.0
EVF,09:29:14,Sell Down,20000,16700.0,0.0
EVF,09:29:11,Sell Down,9000,16700.0,0.0
EVF,09:29:11,Sell Down,100,16700.0,0.0
EVF,09:29:10,Sell Down,31000,16700.0,0.0
EVF,09:29:07,Sell Down,24100,16700.0,0.0
EVF,09:28:56,Buy Up,3800,16700.0,0.0
EVF,09:28:55,Sell Down,1000,16700.0,0.0
EVF,09:28:55,Sell Down,15200,16700.0,0.0
EVF,09:28:48,Buy Up,300,16700.0,0.0
EVF,09:28:48,Buy Up,4500,16700.0,0.0
EVF,09:28:42,Sell Down,2000,16700.0,0.0
EVF,09:28:42,Sell Down,1400,16700.0,-50.0
EVF,09:28:34,Buy Up,500,16750.0,50.0
EVF,09:28:32,Buy Up,10800,16700.0,0.0
EVF,09:28:32,Buy Up,500,16700.0,0.0
EVF,09:28:32,Buy Up,10000,16700.0,0.0
EVF,09:28:32,Buy Up,20000,16700.0,0.0
EVF,09:28:32,Buy Up,7300,16700.0,0.0
EVF,09:28:29,Buy Up,500,16700.0,0.0
EVF,09:28:25,Buy Up,1000,16700.0,0.0
EVF,09:27:54,Buy Up,3000,16700.0,0.0
EVF,09:27:54,Buy Up,1000,16700.0,0.0
EVF,09:27:46,Buy Up,2000,16700.0,50.0
EVF,09:27:44,Sell Down,600,16650.0,0.0
EVF,09:27:44,Sell Down,200,16650.0,-50.0
EVF,09:27:37,Buy Up,2000,16700.0,0.0
EVF,09:27:25,Buy Up,1800,16700.0,0.0
EVF,09:27:23,Buy Up,200,16700.0,0.0
EVF,09:27:22,Buy Up,6000,16700.0,0.0
EVF,09:27:18,Buy Up,1000,16700.0,0.0
EVF,09:27:11,Buy Up,600,16700.0,0.0
EVF,09:27:01,Buy Up,2500,16700.0,0.0
EVF,09:26:41,Sell Down,10000,16700.0,0.0
EVF,09:26:41,Sell Down,100,16700.0,0.0
EVF,09:26:41,Sell Down,50000,16700.0,0.0
EVF,09:26:41,Sell Down,10000,16700.0,0.0
EVF,09:26:41,Sell Down,1000,16700.0,-50.0
EVF,09:26:33,Sell Down,2400,16750.0,0.0
EVF,09:26:33,Sell Down,30000,16750.0,0.0
EVF,09:26:33,Sell Down,50000,16750.0,-50.0
EVF,09:26:33,Sell Down,1000,16800.0,0.0
EVF,09:26:33,Sell Down,100,16800.0,0.0
EVF,09:26:33,Sell Down,3000,16800.0,0.0
EVF,09:26:33,Sell Down,200,16800.0,0.0
EVF,09:26:33,Sell Down,400,16800.0,0.0
EVF,09:26:33,Sell Down,3200,16800.0,0.0
EVF,09:26:29,Sell Down,6800,16800.0,0.0
EVF,09:26:29,Sell Down,400,16800.0,0.0
EVF,09:26:24,Sell Down,100,16800.0,0.0
EVF,09:26:24,Sell Down,200,16800.0,0.0
EVF,09:26:24,Sell Down,2400,16800.0,0.0
EVF,09:26:24,Sell Down,50000,16800.0,0.0
EVF,09:26:24,Sell Down,200,16800.0,0.0
EVF,09:26:24,Sell Down,47100,16800.0,-50.0
EVF,09:26:13,Buy Up,300,16850.0,0.0
EVF,09:26:13,Buy Up,3900,16850.0,0.0
EVF,09:26:12,Sell Down,100,16850.0,0.0
EVF,09:26:09,Sell Down,15400,16850.0,0.0
EVF,09:26:05,Sell Down,30600,16850.0,0.0
EVF,09:26:05,Sell Down,10000,16850.0,0.0
EVF,09:26:05,Sell Down,59400,16850.0,0.0
EVF,09:25:50,Sell Down,40600,16850.0,0.0
EVF,09:25:50,Sell Down,300,16850.0,0.0
EVF,09:25:50,Sell Down,4000,16850.0,0.0
EVF,09:25:50,Sell Down,50000,16850.0,0.0
EVF,09:25:50,Sell Down,5100,16850.0,-50.0
EVF,09:25:38,Buy Up,20000,16900.0,0.0
EVF,09:25:38,Buy Up,9100,16900.0,0.0
EVF,09:25:38,Buy Up,1000,16900.0,0.0
EVF,09:25:38,Buy Up,1000,16900.0,0.0
EVF,09:25:38,Buy Up,18900,16900.0,0.0
EVF,09:25:20,Buy Up,400,16900.0,0.0
EVF,09:25:14,Buy Up,2700,16900.0,0.0
EVF,09:25:14,Buy Up,100,16900.0,0.0
EVF,09:25:14,Buy Up,100,16900.0,0.0
EVF,09:25:14,Buy Up,100,16900.0,0.0
EVF,09:25:08,Buy Up,1000,16900.0,0.0
EVF,09:25:05,Buy Up,700,16900.0,0.0
EVF,09:25:05,Buy Up,100,16900.0,0.0
EVF,09:25:05,Buy Up,1200,16900.0,0.0
EVF,09:25:01,Buy Up,6000,16900.0,0.0
EVF,09:25:00,Buy Up,100,16900.0,0.0
EVF,09:24:53,Buy Up,1600,16900.0,0.0
EVF,09:24:53,Buy Up,100,16900.0,0.0
EVF,09:24:53,Buy Up,2300,16900.0,0.0
EVF,09:24:49,Buy Up,3000,16900.0,50.0
EVF,09:24:45,Sell Down,3900,16850.0,0.0
EVF,09:24:45,Sell Down,1100,16850.0,0.0
EVF,09:24:45,Sell Down,5000,16850.0,-50.0
EVF,09:24:33,Buy Up,100,16900.0,0.0
EVF,09:23:55,Buy Up,100,16900.0,0.0
EVF,09:23:47,Buy Up,15000,16900.0,0.0
EVF,09:23:37,Buy Up,1500,16900.0,0.0
EVF,09:23:37,Buy Up,100,16900.0,0.0
EVF,09:23:37,Buy Up,6400,16900.0,0.0
EVF,09:23:36,Buy Up,400,16900.0,50.0
EVF,09:23:32,Sell Down,10000,16850.0,0.0
EVF,09:23:32,Sell Down,6000,16850.0,-50.0
EVF,09:23:29,Buy Up,20000,16900.0,0.0
EVF,09:23:27,Buy Up,5000,16900.0,0.0
EVF,09:23:27,Buy Up,1700,16900.0,0.0
EVF,09:23:26,Buy Up,100,16900.0,0.0
EVF,09:23:13,Buy Up,2400,16900.0,0.0
EVF,09:23:13,Buy Up,100,16900.0,0.0
EVF,09:23:13,Buy Up,1000,16900.0,0.0
EVF,09:23:13,Buy Up,100,16900.0,0.0
EVF,09:23:13,Buy Up,100,16900.0,0.0
EVF,09:23:13,Buy Up,1000,16900.0,0.0
EVF,09:23:13,Buy Up,1000,16900.0,0.0
EVF,09:23:13,Buy Up,10000,16900.0,0.0
EVF,09:23:13,Buy Up,50000,16900.0,0.0
EVF,09:23:13,Buy Up,2000,16900.0,0.0
EVF,09:23:13,Buy Up,2000,16900.0,0.0
EVF,09:23:13,Buy Up,1000,16900.0,0.0
EVF,09:23:13,Buy Up,30000,16900.0,0.0
EVF,09:23:13,Buy Up,100,16900.0,0.0
EVF,09:23:13,Buy Up,200,16900.0,0.0
EVF,09:23:13,Buy Up,500,16900.0,0.0
EVF,09:23:13,Buy Up,100,16900.0,0.0
EVF,09:23:13,Buy Up,1000,16900.0,0.0
EVF,09:23:13,Buy Up,500,16900.0,0.0
EVF,09:23:13,Buy Up,2000,16900.0,0.0
EVF,09:23:13,Buy Up,400,16900.0,0.0
EVF,09:23:13,Buy Up,24500,16900.0,50.0
EVF,09:23:10,Sell Down,5600,16850.0,-50.0
EVF,09:23:09,Buy Up,10100,16900.0,50.0
EVF,09:23:09,Sell Down,2000,16850.0,-50.0
EVF,09:22:57,Buy Up,16300,16900.0,0.0
EVF,09:22:57,Buy Up,200,16900.0,0.0
EVF,09:22:57,Buy Up,3500,16900.0,50.0
EVF,09:22:55,Sell Down,1500,16850.0,0.0
EVF,09:22:51,Sell Down,1000,16850.0,-50.0
EVF,09:22:49,Buy Up,6500,16900.0,0.0
EVF,09:22:49,Buy Up,500,16900.0,0.0
EVF,09:22:49,Buy Up,3000,16900.0,50.0
EVF,09:22:45,Buy Up,100,16850.0,0.0
EVF,09:22:45,Buy Up,1700,16850.0,0.0
EVF,09:22:45,Buy Up,1000,16850.0,0.0
EVF,09:22:45,Buy Up,200,16850.0,0.0
EVF,09:22:45,Buy Up,1000,16850.0,0.0
EVF,09:22:45,Buy Up,20000,16850.0,0.0
EVF,09:22:45,Buy Up,100,16850.0,0.0
EVF,09:22:45,Buy Up,9800,16850.0,0.0
EVF,09:22:42,Buy Up,11000,16850.0,0.0
EVF,09:22:40,Buy Up,300,16850.0,0.0
EVF,09:22:38,Buy Up,500,16850.0,0.0
EVF,09:22:36,Buy Up,400,16850.0,0.0
EVF,09:22:36,Buy Up,800,16850.0,0.0
EVF,09:22:36,Buy Up,1000,16850.0,0.0
EVF,09:22:36,Buy Up,3800,16850.0,0.0
EVF,09:22:34,Buy Up,2000,16850.0,0.0
EVF,09:22:30,Buy Up,8000,16850.0,0.0
EVF,09:22:28,Buy Up,5000,16850.0,0.0
EVF,09:22:25,Buy Up,2000,16850.0,0.0
EVF,09:22:19,Buy Up,29200,16850.0,0.0
EVF,09:22:19,Buy Up,100,16850.0,0.0
EVF,09:22:19,Buy Up,20000,16850.0,0.0
EVF,09:22:19,Buy Up,100,16850.0,0.0
EVF,09:22:19,Buy Up,500,16850.0,0.0
EVF,09:22:19,Buy Up,100,16850.0,0.0
EVF,09:22:16,Buy Up,100,16850.0,0.0
EVF,09:22:16,Buy Up,300,16850.0,0.0
EVF,09:22:16,Buy Up,1600,16850.0,0.0
EVF,09:21:51,Buy Up,5000,16850.0,0.0
EVF,09:21:46,Buy Up,10000,16850.0,50.0
EVF,09:21:41,Sell Down,2900,16800.0,0.0
EVF,09:21:41,Sell Down,1100,16800.0,0.0
EVF,09:21:40,Sell Down,100,16800.0,0.0
EVF,09:21:35,Sell Down,100,16800.0,0.0
EVF,09:21:19,Sell Down,200,16800.0,-50.0
EVF,09:21:17,Buy Up,14000,16850.0,0.0
EVF,09:21:17,Buy Up,1000,16850.0,50.0
EVF,09:21:09,Sell Down,500,16800.0,0.0
EVF,09:20:59,Sell Down,20000,16800.0,0.0
EVF,09:20:52,Sell Down,2000,16800.0,0.0
EVF,09:20:52,Sell Down,300,16800.0,0.0
EVF,09:20:52,Sell Down,12000,16800.0,0.0
EVF,09:20:52,Sell Down,100,16800.0,0.0
