ticker,time,orderType,volume,price,prevPriceChange
BID,10:27:00,Sell Down,100.0,44800.0,-50.0
BID,10:26:36,Buy Up,300.0,44850.0,0.0
BID,10:26:34,Buy Up,400.0,44850.0,0.0
BID,10:26:34,Buy Up,100.0,44850.0,0.0
BID,10:26:06,Buy Up,300.0,44850.0,50.0
BID,10:26:01,Sell Down,100.0,44800.0,-50.0
BID,10:25:35,Buy Up,300.0,44850.0,0.0
BID,10:25:07,Buy Up,1000.0,44850.0,0.0
BID,10:25:06,Buy Up,300.0,44850.0,0.0
BID,10:24:52,Buy Up,500.0,44850.0,0.0
BID,10:24:35,Buy Up,300.0,44850.0,0.0
BID,10:24:05,Buy Up,300.0,44850.0,0.0
BID,10:23:43,Buy Up,800.0,44850.0,0.0
BID,10:23:35,Buy Up,300.0,44850.0,50.0
BID,10:23:19,Sell Down,100.0,44800.0,-50.0
BID,10:23:11,Buy Up,100.0,44850.0,0.0
BID,10:23:05,Buy Up,300.0,44850.0,0.0
BID,10:22:36,Buy Up,500.0,44850.0,0.0
BID,10:22:36,Buy Up,900.0,44850.0,0.0
BID,10:22:36,Buy Up,100.0,44850.0,0.0
BID,10:22:36,Buy Up,5000.0,44850.0,0.0
BID,10:22:36,Buy Up,100.0,44850.0,0.0
BID,10:22:36,Buy Up,1000.0,44850.0,0.0
BID,10:22:36,Buy Up,500.0,44850.0,0.0
BID,10:22:36,Buy Up,900.0,44850.0,0.0
BID,10:22:36,Buy Up,1000.0,44850.0,0.0
BID,10:22:35,Buy Up,300.0,44850.0,50.0
BID,10:22:08,Sell Down,300.0,44800.0,-50.0
BID,10:22:05,Buy Up,300.0,44850.0,50.0
BID,10:22:00,Sell Down,100.0,44800.0,0.0
BID,10:22:00,Buy Up,500.0,44800.0,0.0
BID,10:22:00,Buy Up,5000.0,44800.0,0.0
BID,10:22:00,Buy Up,500.0,44800.0,0.0
BID,10:22:00,Buy Up,5000.0,44800.0,0.0
BID,10:22:00,Buy Up,100.0,44800.0,0.0
BID,10:22:00,Buy Up,500.0,44800.0,0.0
BID,10:22:00,Buy Up,1100.0,44800.0,0.0
BID,10:22:00,Buy Up,100.0,44800.0,0.0
BID,10:22:00,Buy Up,100.0,44800.0,0.0
BID,10:22:00,Buy Up,800.0,44800.0,0.0
BID,10:22:00,Buy Up,100.0,44800.0,0.0
BID,10:22:00,Buy Up,100.0,44800.0,0.0
BID,10:22:00,Buy Up,4500.0,44800.0,0.0
BID,10:21:34,Buy Up,300.0,44800.0,50.0
BID,10:21:30,Sell Down,200.0,44750.0,-50.0
BID,10:21:04,Buy Up,200.0,44800.0,0.0
BID,10:21:04,Buy Up,200.0,44800.0,0.0
BID,10:20:51,Buy Up,100.0,44800.0,0.0
BID,10:20:10,Buy Up,100.0,44800.0,0.0
BID,10:20:10,Buy Up,100.0,44800.0,0.0
BID,10:20:10,Buy Up,300.0,44800.0,50.0
BID,10:19:18,Sell Down,300.0,44750.0,0.0
BID,10:18:59,Sell Down,100.0,44750.0,0.0
BID,10:18:40,Sell Down,100.0,44750.0,0.0
BID,10:18:37,Sell Down,300.0,44750.0,-50.0
BID,10:17:32,Buy Up,700.0,44800.0,0.0
BID,10:17:32,Buy Up,200.0,44800.0,0.0
BID,10:17:32,Buy Up,100.0,44800.0,50.0
BID,10:17:20,Sell Down,1000.0,44750.0,-50.0
BID,10:17:13,Buy Up,500.0,44800.0,50.0
BID,10:17:09,Sell Down,100.0,44750.0,0.0
BID,10:17:03,Sell Down,100.0,44750.0,0.0
BID,10:16:57,Sell Down,100.0,44750.0,0.0
BID,10:16:53,Sell Down,300.0,44750.0,-50.0
BID,10:16:40,Buy Up,400.0,44800.0,0.0
BID,10:16:15,Sell Down,300.0,44800.0,0.0
BID,10:16:15,Sell Down,200.0,44800.0,0.0
BID,10:16:01,Sell Down,100.0,44800.0,0.0
BID,10:15:56,Sell Down,600.0,44800.0,0.0
BID,10:14:34,Sell Down,100.0,44800.0,0.0
BID,10:14:31,Sell Down,2000.0,44800.0,0.0
BID,10:14:26,Sell Down,5000.0,44800.0,0.0
BID,10:14:21,Sell Down,1000.0,44800.0,0.0
BID,10:14:04,Sell Down,100.0,44800.0,0.0
BID,10:14:00,Sell Down,1000.0,44800.0,0.0
BID,10:13:57,Sell Down,800.0,44800.0,0.0
BID,10:13:47,Buy Up,2000.0,44800.0,0.0
BID,10:13:47,Buy Up,100.0,44800.0,0.0
BID,10:13:10,Buy Up,300.0,44800.0,0.0
BID,10:13:04,Sell Down,700.0,44800.0,0.0
BID,10:13:04,Sell Down,300.0,44800.0,-50.0
BID,10:12:40,Buy Up,100.0,44850.0,50.0
BID,10:12:39,Sell Down,500.0,44800.0,0.0
BID,10:12:38,Sell Down,2000.0,44800.0,0.0
BID,10:12:36,Sell Down,5000.0,44800.0,0.0
BID,10:12:22,Buy Up,100.0,44800.0,0.0
BID,10:12:22,Buy Up,2000.0,44800.0,0.0
BID,10:12:22,Buy Up,100.0,44800.0,0.0
BID,10:12:17,Buy Up,100.0,44800.0,50.0
BID,10:12:09,Sell Down,100.0,44750.0,0.0
BID,10:11:58,Sell Down,13700.0,44750.0,-50.0
BID,10:11:58,Sell Down,5000.0,44800.0,0.0
BID,10:11:58,Sell Down,200.0,44800.0,0.0
BID,10:11:58,Sell Down,100.0,44800.0,0.0
BID,10:11:58,Sell Down,100.0,44800.0,0.0
BID,10:11:58,Sell Down,2000.0,44800.0,0.0
BID,10:11:58,Sell Down,6000.0,44800.0,0.0
BID,10:11:58,Sell Down,1800.0,44800.0,0.0
BID,10:11:58,Sell Down,200.0,44800.0,0.0
BID,10:11:58,Sell Down,900.0,44800.0,0.0
BID,10:11:58,Sell Down,900.0,44800.0,0.0
BID,10:11:46,Sell Down,100.0,44800.0,-50.0
BID,10:11:38,Buy Up,100.0,44850.0,0.0
BID,10:11:10,Buy Up,100.0,44850.0,50.0
BID,10:10:38,Sell Down,1000.0,44800.0,0.0
BID,10:10:29,Sell Down,1000.0,44800.0,0.0
BID,10:10:25,Buy Up,1000.0,44800.0,0.0
BID,10:10:25,Buy Up,700.0,44800.0,0.0
BID,10:10:25,Buy Up,300.0,44800.0,0.0
BID,10:10:20,Buy Up,100.0,44800.0,0.0
BID,10:10:15,Buy Up,4600.0,44800.0,0.0
BID,10:10:15,Buy Up,1000.0,44800.0,0.0
BID,10:10:15,Buy Up,1000.0,44800.0,0.0
BID,10:10:15,Buy Up,2000.0,44800.0,0.0
BID,10:10:15,Buy Up,1400.0,44800.0,50.0
BID,10:10:09,Sell Down,100.0,44750.0,-50.0
BID,10:10:02,Buy Up,3600.0,44800.0,0.0
BID,10:10:02,Buy Up,1000.0,44800.0,0.0
BID,10:10:02,Buy Up,100.0,44800.0,0.0
BID,10:10:02,Buy Up,100.0,44800.0,0.0
BID,10:10:02,Buy Up,100.0,44800.0,0.0
BID,10:10:02,Buy Up,100.0,44800.0,50.0
BID,10:09:59,Sell Down,1000.0,44750.0,0.0
BID,10:09:44,Sell Down,500.0,44750.0,0.0
BID,10:09:44,Sell Down,5000.0,44750.0,0.0
BID,10:09:44,Sell Down,300.0,44750.0,50.0
BID,10:08:49,Sell Down,1000.0,44700.0,-50.0
BID,10:08:47,Buy Up,100.0,44750.0,0.0
BID,10:08:28,Sell Down,100.0,44750.0,0.0
BID,10:08:28,Sell Down,100.0,44750.0,0.0
BID,10:08:28,Sell Down,200.0,44750.0,0.0
BID,10:08:26,Sell Down,300.0,44750.0,0.0
BID,10:08:13,Sell Down,100.0,44750.0,0.0
BID,10:08:09,Buy Up,500.0,44750.0,0.0
BID,10:08:09,Buy Up,3900.0,44750.0,0.0
BID,10:07:46,Buy Up,1100.0,44750.0,0.0
BID,10:07:46,Buy Up,800.0,44750.0,0.0
BID,10:07:46,Buy Up,100.0,44750.0,50.0
BID,10:07:39,Sell Down,1000.0,44700.0,0.0
BID,10:07:34,Sell Down,300.0,44700.0,0.0
BID,10:06:41,Sell Down,2100.0,44700.0,0.0
BID,10:06:34,Sell Down,100.0,44700.0,0.0
BID,10:06:30,Sell Down,100.0,44700.0,0.0
BID,10:06:22,Sell Down,300.0,44700.0,100.0
BID,10:05:40,Sell Down,100.0,44600.0,0.0
BID,10:05:32,Sell Down,300.0,44600.0,-150.0
BID,10:05:09,Buy Up,200.0,44750.0,150.0
BID,10:05:02,Sell Down,300.0,44600.0,0.0
BID,10:04:10,Sell Down,100.0,44600.0,-200.0
BID,10:02:27,Buy Up,100.0,44800.0,200.0
BID,10:02:25,Sell Down,2500.0,44600.0,0.0
BID,10:02:25,Sell Down,500.0,44600.0,0.0
BID,10:02:25,Sell Down,100.0,44600.0,0.0
BID,10:02:25,Sell Down,500.0,44600.0,0.0
BID,10:02:25,Sell Down,1400.0,44600.0,-200.0
BID,10:01:18,Sell Down,1500.0,44800.0,0.0
BID,10:01:18,Sell Down,100.0,44800.0,0.0
BID,10:01:15,Sell Down,100.0,44800.0,0.0
BID,10:01:05,Sell Down,200.0,44800.0,0.0
BID,10:01:03,Sell Down,300.0,44800.0,0.0
BID,10:01:01,Sell Down,2000.0,44800.0,0.0
BID,10:00:56,Sell Down,500.0,44800.0,0.0
BID,10:00:56,Sell Down,100.0,44800.0,0.0
BID,10:00:56,Sell Down,100.0,44800.0,0.0
BID,10:00:56,Sell Down,100.0,44800.0,0.0
BID,10:00:37,Sell Down,1800.0,44800.0,0.0
BID,10:00:33,Sell Down,100.0,44800.0,0.0
BID,10:00:32,Sell Down,100.0,44800.0,0.0
BID,10:00:32,Sell Down,2200.0,44800.0,0.0
BID,10:00:32,Sell Down,2000.0,44800.0,0.0
BID,10:00:32,Sell Down,700.0,44800.0,0.0
BID,10:00:30,Sell Down,800.0,44800.0,0.0
BID,10:00:30,Sell Down,200.0,44800.0,0.0
BID,10:00:24,Sell Down,100.0,44800.0,0.0
BID,10:00:00,Sell Down,100.0,44800.0,-50.0
BID,09:59:31,Buy Up,5000.0,44850.0,0.0
BID,09:59:31,Buy Up,6000.0,44850.0,0.0
BID,09:59:31,Buy Up,10000.0,44850.0,0.0
BID,09:59:31,Buy Up,2000.0,44850.0,0.0
BID,09:59:31,Buy Up,300.0,44850.0,0.0
BID,09:59:31,Buy Up,3000.0,44850.0,0.0
BID,09:59:31,Buy Up,3800.0,44850.0,-50.0
BID,09:59:30,Buy Up,200.0,44900.0,0.0
BID,09:59:30,Buy Up,800.0,44900.0,50.0
BID,09:59:23,Sell Down,1200.0,44850.0,0.0
BID,09:59:23,Sell Down,2000.0,44850.0,0.0
BID,09:59:23,Sell Down,5800.0,44850.0,0.0
BID,09:59:08,Sell Down,100.0,44850.0,0.0
BID,09:58:55,Sell Down,100.0,44850.0,-50.0
BID,09:58:20,Buy Up,400.0,44900.0,0.0
BID,09:58:05,Sell Down,100.0,44900.0,0.0
BID,09:58:04,Sell Down,500.0,44900.0,0.0
BID,09:58:04,Sell Down,500.0,44900.0,0.0
BID,09:58:04,Sell Down,800.0,44900.0,0.0
BID,09:57:51,Sell Down,1000.0,44900.0,0.0
BID,09:57:43,Sell Down,1000.0,44900.0,0.0
BID,09:57:37,Sell Down,500.0,44900.0,0.0
BID,09:57:22,Sell Down,600.0,44900.0,0.0
BID,09:57:22,Sell Down,600.0,44900.0,0.0
BID,09:57:21,Sell Down,500.0,44900.0,0.0
BID,09:57:21,Sell Down,100.0,44900.0,0.0
BID,09:56:57,Sell Down,100.0,44900.0,0.0
BID,09:56:45,Sell Down,100.0,44900.0,0.0
BID,09:56:38,Sell Down,100.0,44900.0,0.0
BID,09:56:31,Sell Down,100.0,44900.0,0.0
BID,09:56:20,Sell Down,100.0,44900.0,0.0
BID,09:56:11,Sell Down,2000.0,44900.0,0.0
BID,09:56:04,Sell Down,2000.0,44900.0,0.0
BID,09:55:59,Sell Down,200.0,44900.0,0.0
BID,09:55:46,Sell Down,100.0,44900.0,0.0
BID,09:55:28,Sell Down,100.0,44900.0,0.0
BID,09:55:24,Sell Down,200.0,44900.0,0.0
BID,09:55:24,Sell Down,1000.0,44900.0,0.0
BID,09:54:28,Sell Down,2000.0,44900.0,0.0
BID,09:54:05,Sell Down,100.0,44900.0,0.0
BID,09:53:56,Sell Down,1000.0,44900.0,0.0
BID,09:53:45,Buy Up,900.0,44900.0,0.0
BID,09:53:44,Buy Up,200.0,44900.0,0.0
BID,09:53:44,Buy Up,300.0,44900.0,0.0
BID,09:53:44,Buy Up,500.0,44900.0,0.0
BID,09:53:44,Buy Up,100.0,44900.0,0.0
BID,09:53:44,Sell Down,200.0,44900.0,0.0
BID,09:53:39,Sell Down,1000.0,44900.0,0.0
BID,09:53:31,Sell Down,5000.0,44900.0,0.0
BID,09:53:29,Sell Down,100.0,44900.0,0.0
BID,09:53:22,Sell Down,1000.0,44900.0,0.0
BID,09:53:13,Sell Down,300.0,44900.0,0.0
BID,09:53:09,Sell Down,100.0,44900.0,0.0
BID,09:52:50,Sell Down,1000.0,44900.0,0.0
BID,09:52:50,Sell Down,200.0,44900.0,0.0
BID,09:52:37,Sell Down,1100.0,44900.0,0.0
BID,09:52:37,Sell Down,700.0,44900.0,0.0
BID,09:52:16,Sell Down,100.0,44900.0,0.0
BID,09:52:16,Sell Down,200.0,44900.0,-50.0
BID,09:52:10,Buy Up,1000.0,44950.0,50.0
BID,09:52:08,Sell Down,800.0,44900.0,0.0
BID,09:51:52,Sell Down,400.0,44900.0,0.0
BID,09:51:49,Sell Down,1500.0,44900.0,0.0
BID,09:51:30,Sell Down,300.0,44900.0,0.0
BID,09:51:30,Sell Down,1200.0,44900.0,0.0
BID,09:51:18,Sell Down,500.0,44900.0,-50.0
BID,09:51:11,Buy Up,1000.0,44950.0,0.0
BID,09:51:05,Buy Up,2100.0,44950.0,0.0
BID,09:51:05,Buy Up,200.0,44950.0,0.0
BID,09:51:05,Buy Up,1000.0,44950.0,0.0
BID,09:51:05,Buy Up,600.0,44950.0,0.0
BID,09:51:05,Buy Up,200.0,44950.0,0.0
BID,09:51:05,Buy Up,2000.0,44950.0,0.0
BID,09:51:05,Buy Up,3900.0,44950.0,50.0
BID,09:50:56,Sell Down,200.0,44900.0,-50.0
BID,09:50:55,Buy Up,500.0,44950.0,50.0
BID,09:50:42,Sell Down,200.0,44900.0,0.0
BID,09:50:33,Sell Down,600.0,44900.0,0.0
BID,09:50:32,Sell Down,100.0,44900.0,0.0
BID,09:50:29,Sell Down,200.0,44900.0,0.0
BID,09:50:23,Sell Down,100.0,44900.0,0.0
BID,09:50:23,Sell Down,100.0,44900.0,0.0
BID,09:50:20,Sell Down,200.0,44900.0,0.0
BID,09:50:16,Sell Down,100.0,44900.0,0.0
BID,09:50:14,Sell Down,200.0,44900.0,-50.0
BID,09:50:14,Buy Up,600.0,44950.0,0.0
BID,09:50:14,Buy Up,100.0,44950.0,50.0
BID,09:50:09,Sell Down,200.0,44900.0,0.0
BID,09:50:03,Sell Down,200.0,44900.0,0.0
BID,09:49:57,Sell Down,200.0,44900.0,0.0
BID,09:49:54,Sell Down,500.0,44900.0,0.0
BID,09:49:52,Sell Down,200.0,44900.0,0.0
BID,09:49:51,Sell Down,500.0,44900.0,0.0
BID,09:49:46,Sell Down,200.0,44900.0,0.0
BID,09:49:45,Sell Down,200.0,44900.0,-100.0
BID,09:49:44,Buy Up,100.0,45000.0,0.0
BID,09:49:44,Buy Up,200.0,45000.0,0.0
BID,09:49:44,Buy Up,400.0,45000.0,0.0
BID,09:49:44,Buy Up,1200.0,45000.0,0.0
BID,09:49:44,Buy Up,1000.0,45000.0,0.0
BID,09:49:44,Buy Up,500.0,45000.0,0.0
BID,09:49:44,Buy Up,100.0,45000.0,0.0
BID,09:49:44,Buy Up,100.0,45000.0,0.0
BID,09:49:44,Buy Up,1000.0,45000.0,50.0
BID,09:49:44,Buy Up,200.0,44950.0,0.0
BID,09:49:44,Buy Up,100.0,44950.0,0.0
BID,09:49:44,Buy Up,100.0,44950.0,0.0
BID,09:49:44,Buy Up,3500.0,44950.0,0.0
BID,09:49:44,Buy Up,100.0,44950.0,0.0
BID,09:49:44,Buy Up,1400.0,44950.0,50.0
BID,09:49:43,Sell Down,700.0,44900.0,0.0
BID,09:49:41,Sell Down,200.0,44900.0,0.0
BID,09:49:41,Sell Down,2000.0,44900.0,0.0
BID,09:49:37,Sell Down,200.0,44900.0,0.0
BID,09:49:34,Buy Up,100.0,44900.0,50.0
BID,09:49:32,Sell Down,200.0,44850.0,0.0
BID,09:49:26,Sell Down,200.0,44850.0,0.0
BID,09:49:22,Sell Down,200.0,44850.0,0.0
BID,09:49:15,Sell Down,200.0,44850.0,-100.0
BID,09:49:14,Buy Up,27600.0,44950.0,50.0
BID,09:49:14,Buy Up,500.0,44900.0,0.0
BID,09:49:14,Buy Up,1000.0,44900.0,0.0
BID,09:49:14,Buy Up,200.0,44900.0,0.0
BID,09:49:14,Buy Up,700.0,44900.0,50.0
BID,09:49:10,Sell Down,200.0,44850.0,0.0
BID,09:49:04,Sell Down,200.0,44850.0,0.0
BID,09:49:01,Sell Down,200.0,44850.0,-50.0
BID,09:49:00,Buy Up,5000.0,44900.0,0.0
BID,09:48:54,Buy Up,2500.0,44900.0,0.0
BID,09:48:53,Sell Down,1800.0,44900.0,0.0
BID,09:48:50,Sell Down,1000.0,44900.0,0.0
BID,09:48:49,Sell Down,200.0,44900.0,-50.0
BID,09:48:47,Buy Up,600.0,44950.0,100.0
BID,09:48:44,Sell Down,200.0,44850.0,-100.0
BID,09:48:44,Buy Up,400.0,44950.0,0.0
BID,09:48:44,Buy Up,100.0,44950.0,50.0
BID,09:48:44,Buy Up,500.0,44900.0,0.0
BID,09:48:44,Buy Up,500.0,44900.0,0.0
BID,09:48:40,Buy Up,900.0,44900.0,0.0
BID,09:48:40,Sell Down,400.0,44900.0,0.0
BID,09:48:40,Sell Down,3200.0,44900.0,0.0
BID,09:48:38,Sell Down,200.0,44900.0,0.0
BID,09:48:35,Sell Down,200.0,44900.0,0.0
BID,09:48:28,Sell Down,200.0,44900.0,0.0
BID,09:48:23,Sell Down,200.0,44900.0,0.0
BID,09:48:21,Sell Down,1000.0,44900.0,50.0
BID,09:48:18,Sell Down,200.0,44850.0,-100.0
BID,09:48:17,Buy Up,300.0,44950.0,0.0
BID,09:48:17,Buy Up,400.0,44950.0,50.0
BID,09:48:17,Buy Up,7700.0,44900.0,0.0
BID,09:48:17,Buy Up,1600.0,44900.0,50.0
BID,09:48:14,Sell Down,200.0,44850.0,-50.0
BID,09:48:10,Buy Up,1400.0,44900.0,0.0
BID,09:48:09,Sell Down,200.0,44900.0,0.0
BID,09:48:09,Sell Down,100.0,44900.0,0.0
BID,09:48:03,Sell Down,200.0,44900.0,50.0
BID,09:47:58,Sell Down,200.0,44850.0,-100.0
BID,09:47:53,Sell Down,2700.0,44950.0,0.0
BID,09:47:51,Sell Down,200.0,44950.0,0.0
BID,09:47:50,Sell Down,5000.0,44950.0,0.0
BID,09:47:46,Sell Down,200.0,44950.0,0.0
BID,09:47:45,Buy Up,500.0,44950.0,0.0
BID,09:47:45,Buy Up,100.0,44950.0,0.0
BID,09:47:45,Buy Up,100.0,44950.0,0.0
BID,09:47:45,Buy Up,500.0,44950.0,0.0
BID,09:47:45,Buy Up,200.0,44950.0,0.0
BID,09:47:45,Buy Up,500.0,44950.0,0.0
BID,09:47:44,Buy Up,100.0,44950.0,0.0
BID,09:47:44,Buy Up,400.0,44950.0,0.0
BID,09:47:44,Buy Up,4000.0,44950.0,0.0
BID,09:47:44,Buy Up,500.0,44950.0,0.0
BID,09:47:44,Buy Up,2500.0,44950.0,100.0
BID,09:47:43,Sell Down,200.0,44850.0,-100.0
BID,09:47:39,Buy Up,500.0,44950.0,0.0
BID,09:47:39,Buy Up,500.0,44950.0,50.0
BID,09:47:34,Sell Down,1200.0,44900.0,0.0
BID,09:47:26,Sell Down,3000.0,44900.0,0.0
BID,09:47:20,Buy Up,100.0,44900.0,0.0
BID,09:47:20,Buy Up,200.0,44900.0,0.0
BID,09:47:20,Buy Up,1200.0,44900.0,0.0
BID,09:47:20,Buy Up,100.0,44900.0,0.0
BID,09:47:20,Buy Up,9200.0,44900.0,0.0
BID,09:47:20,Buy Up,800.0,44900.0,0.0
BID,09:47:20,Buy Up,200.0,44900.0,0.0
BID,09:47:20,Buy Up,500.0,44900.0,50.0
BID,09:47:20,Buy Up,100.0,44850.0,0.0
BID,09:47:20,Buy Up,2900.0,44850.0,0.0
BID,09:47:20,Buy Up,100.0,44850.0,0.0
BID,09:47:20,Buy Up,400.0,44850.0,0.0
BID,09:47:15,Buy Up,200.0,44850.0,0.0
BID,09:47:11,Sell Down,500.0,44850.0,0.0
BID,09:47:06,Buy Up,200.0,44850.0,0.0
BID,09:47:06,Buy Up,100.0,44850.0,0.0
BID,09:47:06,Buy Up,700.0,44850.0,0.0
BID,09:46:56,Buy Up,500.0,44850.0,50.0
BID,09:46:53,Sell Down,200.0,44800.0,0.0
BID,09:46:49,Sell Down,500.0,44800.0,-50.0
BID,09:46:49,Buy Up,1600.0,44850.0,0.0
BID,09:46:48,Buy Up,200.0,44850.0,0.0
BID,09:46:48,Buy Up,200.0,44850.0,0.0
BID,09:46:41,Buy Up,100.0,44850.0,0.0
BID,09:46:41,Buy Up,500.0,44850.0,50.0
BID,09:46:26,Buy Up,1000.0,44800.0,0.0
BID,09:46:26,Buy Up,1000.0,44800.0,0.0
BID,09:46:26,Buy Up,100.0,44800.0,0.0
BID,09:46:26,Buy Up,100.0,44800.0,0.0
BID,09:46:26,Buy Up,100.0,44800.0,0.0
BID,09:46:26,Buy Up,300.0,44800.0,0.0
BID,09:46:26,Buy Up,100.0,44800.0,0.0
BID,09:46:26,Buy Up,5000.0,44800.0,0.0
BID,09:46:26,Buy Up,500.0,44800.0,0.0
BID,09:46:26,Buy Up,700.0,44800.0,0.0
BID,09:46:26,Buy Up,500.0,44800.0,50.0
BID,09:46:26,Buy Up,500.0,44750.0,0.0
BID,09:46:26,Buy Up,500.0,44750.0,50.0
BID,09:46:12,Buy Up,200.0,44700.0,0.0
BID,09:46:12,Buy Up,200.0,44700.0,0.0
BID,09:46:04,Buy Up,500.0,44700.0,0.0
BID,09:45:57,Buy Up,300.0,44700.0,0.0
BID,09:45:57,Buy Up,100.0,44700.0,0.0
BID,09:45:57,Buy Up,100.0,44700.0,0.0
BID,09:45:57,Buy Up,200.0,44700.0,0.0
BID,09:45:57,Buy Up,1000.0,44700.0,0.0
BID,09:45:57,Buy Up,2000.0,44700.0,0.0
BID,09:45:57,Buy Up,500.0,44700.0,50.0
BID,09:45:57,Buy Up,100.0,44650.0,0.0
BID,09:45:57,Buy Up,300.0,44650.0,0.0
BID,09:45:57,Buy Up,200.0,44650.0,0.0
BID,09:45:57,Buy Up,200.0,44650.0,50.0
BID,09:45:44,Sell Down,100.0,44600.0,0.0
BID,09:45:37,Sell Down,200.0,44600.0,0.0
BID,09:45:32,Sell Down,1800.0,44600.0,0.0
BID,09:45:22,Buy Up,500.0,44600.0,0.0
BID,09:45:20,Buy Up,100.0,44600.0,0.0
BID,09:45:20,Buy Up,200.0,44600.0,0.0
BID,09:45:20,Buy Up,100.0,44600.0,0.0
BID,09:45:20,Buy Up,100.0,44600.0,0.0
BID,09:45:01,Buy Up,500.0,44600.0,0.0
BID,09:45:01,Buy Up,500.0,44600.0,0.0
BID,09:44:52,Buy Up,500.0,44600.0,0.0
BID,09:44:25,Buy Up,800.0,44600.0,0.0
BID,09:44:24,Buy Up,200.0,44600.0,0.0
BID,09:44:24,Buy Up,4400.0,44600.0,0.0
BID,09:44:24,Buy Up,1000.0,44600.0,0.0
BID,09:44:24,Buy Up,2300.0,44600.0,0.0
BID,09:44:24,Buy Up,100.0,44600.0,0.0
BID,09:44:24,Buy Up,200.0,44600.0,0.0
BID,09:44:24,Buy Up,10000.0,44600.0,0.0
BID,09:44:24,Buy Up,2800.0,44600.0,0.0
BID,09:44:08,Buy Up,5400.0,44600.0,0.0
BID,09:44:08,Buy Up,1500.0,44600.0,0.0
BID,09:44:08,Buy Up,100.0,44600.0,50.0
BID,09:43:55,Buy Up,500.0,44550.0,0.0
BID,09:43:55,Buy Up,300.0,44550.0,0.0
BID,09:43:55,Buy Up,1000.0,44550.0,0.0
BID,09:43:55,Buy Up,200.0,44550.0,50.0
BID,09:43:42,Sell Down,300.0,44500.0,0.0
BID,09:43:31,Buy Up,1300.0,44500.0,0.0
BID,09:43:26,Buy Up,200.0,44500.0,0.0
BID,09:43:26,Buy Up,100.0,44500.0,0.0
BID,09:43:26,Buy Up,1700.0,44500.0,0.0
BID,09:43:00,Buy Up,300.0,44500.0,0.0
BID,09:43:00,Buy Up,200.0,44500.0,0.0
BID,09:43:00,Buy Up,1000.0,44500.0,0.0
BID,09:43:00,Buy Up,100.0,44500.0,0.0
BID,09:43:00,Buy Up,100.0,44500.0,0.0
BID,09:43:00,Buy Up,300.0,44500.0,0.0
BID,09:43:00,Buy Up,200.0,44500.0,0.0
BID,09:43:00,Buy Up,600.0,44500.0,0.0
BID,09:43:00,Buy Up,100.0,44500.0,0.0
BID,09:43:00,Buy Up,100.0,44500.0,0.0
BID,09:43:00,Buy Up,200.0,44500.0,0.0
BID,09:43:00,Buy Up,100.0,44500.0,0.0
BID,09:43:00,Buy Up,1000.0,44500.0,0.0
BID,09:43:00,Buy Up,3000.0,44500.0,0.0
BID,09:43:00,Buy Up,700.0,44500.0,0.0
BID,09:43:00,Buy Up,800.0,44500.0,0.0
BID,09:43:00,Buy Up,100.0,44500.0,0.0
BID,09:43:00,Buy Up,1000.0,44500.0,0.0
BID,09:43:00,Buy Up,100.0,44500.0,0.0
BID,09:42:57,Buy Up,200.0,44500.0,0.0
BID,09:42:57,Buy Up,300.0,44500.0,100.0
BID,09:42:56,Buy Up,500.0,44400.0,0.0
BID,09:42:56,Buy Up,700.0,44400.0,0.0
BID,09:42:53,Buy Up,100.0,44400.0,-100.0
BID,09:42:29,Buy Up,700.0,44500.0,0.0
BID,09:42:29,Buy Up,100.0,44500.0,0.0
BID,09:42:29,Buy Up,1000.0,44500.0,0.0
BID,09:42:29,Buy Up,5900.0,44500.0,0.0
BID,09:42:29,Buy Up,100.0,44500.0,0.0
BID,09:42:29,Buy Up,100.0,44500.0,50.0
BID,09:42:29,Buy Up,800.0,44450.0,0.0
BID,09:42:29,Buy Up,200.0,44450.0,0.0
BID,09:42:29,Buy Up,900.0,44450.0,0.0
BID,09:42:29,Buy Up,8000.0,44450.0,0.0
BID,09:42:29,Buy Up,600.0,44450.0,100.0
BID,09:42:29,Buy Up,1600.0,44350.0,-50.0
BID,09:42:22,Sell Down,300.0,44400.0,0.0
BID,09:42:22,Sell Down,1100.0,44400.0,0.0
BID,09:42:14,Sell Down,100.0,44400.0,0.0
BID,09:42:14,Sell Down,500.0,44400.0,50.0
BID,09:42:14,Buy Up,300.0,44350.0,-50.0
BID,09:41:57,Buy Up,500.0,44400.0,0.0
BID,09:41:57,Buy Up,200.0,44400.0,0.0
BID,09:41:57,Buy Up,500.0,44400.0,0.0
BID,09:41:57,Buy Up,100.0,44400.0,0.0
BID,09:41:57,Buy Up,800.0,44400.0,0.0
BID,09:41:57,Buy Up,1600.0,44400.0,0.0
BID,09:41:57,Buy Up,100.0,44400.0,0.0
BID,09:41:57,Buy Up,100.0,44400.0,0.0
BID,09:41:57,Buy Up,3000.0,44400.0,0.0
BID,09:41:57,Buy Up,200.0,44400.0,0.0
BID,09:41:57,Buy Up,2000.0,44400.0,50.0
BID,09:41:57,Buy Up,100.0,44350.0,0.0
BID,09:41:57,Buy Up,200.0,44350.0,0.0
BID,09:41:57,Buy Up,600.0,44350.0,50.0
BID,09:41:51,Sell Down,200.0,44300.0,-50.0
BID,09:41:44,Buy Up,500.0,44350.0,0.0
BID,09:41:44,Buy Up,400.0,44350.0,0.0
BID,09:41:33,Buy Up,200.0,44350.0,0.0
BID,09:41:33,Buy Up,800.0,44350.0,0.0
BID,09:41:33,Buy Up,100.0,44350.0,0.0
BID,09:41:33,Buy Up,900.0,44350.0,0.0
BID,09:41:19,Buy Up,6000.0,44350.0,50.0
BID,09:41:12,Sell Down,500.0,44300.0,0.0
BID,09:41:04,Sell Down,100.0,44300.0,0.0
BID,09:41:01,Sell Down,600.0,44300.0,0.0
BID,09:41:01,Sell Down,10000.0,44300.0,0.0
BID,09:41:01,Sell Down,200.0,44300.0,0.0
BID,09:41:01,Sell Down,3800.0,44300.0,0.0
BID,09:41:01,Sell Down,30000.0,44300.0,0.0
BID,09:41:01,Sell Down,100.0,44300.0,0.0
BID,09:41:01,Buy Up,100.0,44300.0,0.0
BID,09:41:01,Buy Up,500.0,44300.0,0.0
BID,09:41:01,Buy Up,100.0,44300.0,0.0
BID,09:41:01,Buy Up,100.0,44300.0,0.0
BID,09:41:01,Buy Up,3000.0,44300.0,50.0
BID,09:40:49,Buy Up,200.0,44250.0,0.0
BID,09:40:49,Buy Up,200.0,44250.0,0.0
BID,09:40:49,Buy Up,1000.0,44250.0,0.0
BID,09:40:49,Buy Up,500.0,44250.0,0.0
BID,09:40:49,Buy Up,800.0,44250.0,0.0
BID,09:40:49,Buy Up,100.0,44250.0,0.0
BID,09:40:49,Buy Up,300.0,44250.0,50.0
BID,09:40:34,Sell Down,200.0,44200.0,-50.0
BID,09:40:30,Buy Up,1000.0,44250.0,50.0
BID,09:39:31,Sell Down,100.0,44200.0,0.0
BID,09:39:03,Sell Down,100.0,44200.0,0.0
BID,09:38:49,Sell Down,100.0,44200.0,0.0
BID,09:38:41,Sell Down,100.0,44200.0,0.0
BID,09:38:14,Sell Down,100.0,44200.0,-50.0
BID,09:38:10,Buy Up,4700.0,44250.0,0.0
BID,09:38:10,Buy Up,100.0,44250.0,50.0
BID,09:38:10,Buy Up,100.0,44200.0,0.0
BID,09:38:10,Buy Up,100.0,44200.0,0.0
BID,09:38:10,Buy Up,200.0,44200.0,0.0
BID,09:38:00,Buy Up,800.0,44200.0,0.0
BID,09:38:00,Buy Up,1000.0,44200.0,0.0
BID,09:38:00,Buy Up,2500.0,44200.0,0.0
BID,09:38:00,Buy Up,9000.0,44200.0,0.0
BID,09:38:00,Buy Up,10000.0,44200.0,0.0
BID,09:38:00,Buy Up,1000.0,44200.0,0.0
BID,09:38:00,Buy Up,700.0,44200.0,0.0
BID,09:38:00,Buy Up,200.0,44200.0,0.0
BID,09:38:00,Buy Up,100.0,44200.0,0.0
BID,09:38:00,Buy Up,100.0,44200.0,0.0
BID,09:38:00,Buy Up,100.0,44200.0,0.0
BID,09:38:00,Buy Up,100.0,44200.0,0.0
BID,09:38:00,Buy Up,200.0,44200.0,0.0
BID,09:38:00,Buy Up,500.0,44200.0,0.0
BID,09:38:00,Buy Up,3000.0,44200.0,0.0
BID,09:38:00,Buy Up,1500.0,44200.0,0.0
BID,09:38:00,Buy Up,1000.0,44200.0,0.0
BID,09:38:00,Buy Up,200.0,44200.0,50.0
BID,09:37:56,Sell Down,100.0,44150.0,0.0
BID,09:37:49,Sell Down,100.0,44150.0,0.0
BID,09:37:36,Sell Down,1000.0,44150.0,0.0
BID,09:37:28,Sell Down,100.0,44150.0,0.0
BID,09:37:11,Sell Down,100.0,44150.0,0.0
BID,09:37:07,Sell Down,200.0,44150.0,0.0
BID,09:37:03,Sell Down,100.0,44150.0,0.0
BID,09:36:51,Buy Up,600.0,44150.0,0.0
BID,09:36:51,Buy Up,100.0,44150.0,0.0
BID,09:36:51,Buy Up,500.0,44150.0,0.0
BID,09:36:51,Buy Up,200.0,44150.0,0.0
BID,09:36:27,Buy Up,100.0,44150.0,0.0
BID,09:36:01,Buy Up,100.0,44150.0,0.0
BID,09:35:50,Buy Up,100.0,44150.0,0.0
BID,09:35:50,Buy Up,300.0,44150.0,0.0
BID,09:35:50,Buy Up,500.0,44150.0,0.0
BID,09:35:50,Buy Up,100.0,44150.0,0.0
BID,09:35:50,Buy Up,5000.0,44150.0,50.0
BID,09:35:39,Sell Down,1000.0,44100.0,0.0
BID,09:35:36,Sell Down,100.0,44100.0,0.0
BID,09:35:32,Buy Up,100.0,44100.0,0.0
BID,09:35:32,Buy Up,600.0,44100.0,0.0
BID,09:35:32,Buy Up,900.0,44100.0,0.0
BID,09:35:26,Buy Up,100.0,44100.0,0.0
BID,09:34:42,Buy Up,500.0,44100.0,0.0
BID,09:34:23,Buy Up,1500.0,44100.0,50.0
BID,09:34:13,Sell Down,400.0,44050.0,0.0
BID,09:34:13,Sell Down,600.0,44050.0,-50.0
BID,09:33:53,Buy Up,600.0,44100.0,0.0
BID,09:33:53,Buy Up,600.0,44100.0,0.0
BID,09:33:53,Buy Up,200.0,44100.0,0.0
BID,09:33:53,Buy Up,100.0,44100.0,0.0
BID,09:33:53,Buy Up,200.0,44100.0,0.0
BID,09:33:53,Buy Up,200.0,44100.0,0.0
BID,09:33:53,Buy Up,900.0,44100.0,0.0
BID,09:33:53,Buy Up,500.0,44100.0,0.0
BID,09:33:53,Buy Up,1000.0,44100.0,0.0
BID,09:33:53,Buy Up,1500.0,44100.0,0.0
BID,09:33:53,Buy Up,8200.0,44100.0,50.0
BID,09:33:40,Sell Down,300.0,44050.0,0.0
BID,09:33:30,Sell Down,3000.0,44050.0,-50.0
BID,09:31:15,Buy Up,100.0,44100.0,0.0
BID,09:30:57,Sell Down,3200.0,44100.0,0.0
BID,09:30:48,Sell Down,100.0,44100.0,0.0
BID,09:30:41,Sell Down,100.0,44100.0,0.0
BID,09:30:41,Sell Down,100.0,44100.0,0.0
BID,09:30:09,Sell Down,1000.0,44100.0,0.0
BID,09:30:09,Sell Down,500.0,44100.0,0.0
BID,09:30:09,Sell Down,100.0,44100.0,0.0
BID,09:30:09,Sell Down,1000.0,44100.0,0.0
BID,09:30:09,Sell Down,300.0,44100.0,0.0
BID,09:30:09,Sell Down,500.0,44100.0,0.0
BID,09:30:09,Sell Down,500.0,44100.0,50.0
BID,09:30:03,Sell Down,1000.0,44050.0,-50.0
BID,09:30:02,Buy Up,500.0,44100.0,0.0
BID,09:30:02,Buy Up,200.0,44100.0,50.0
BID,09:29:57,Sell Down,1100.0,44050.0,0.0
BID,09:29:57,Sell Down,900.0,44050.0,-50.0
BID,09:29:06,Buy Up,300.0,44100.0,0.0
BID,09:29:06,Buy Up,600.0,44100.0,0.0
BID,09:29:06,Buy Up,1000.0,44100.0,0.0
BID,09:29:06,Buy Up,100.0,44100.0,0.0
BID,09:29:06,Buy Up,1000.0,44100.0,0.0
BID,09:29:06,Buy Up,500.0,44100.0,0.0
BID,09:29:06,Buy Up,400.0,44100.0,0.0
BID,09:29:06,Buy Up,100.0,44100.0,50.0
BID,09:28:56,Sell Down,1000.0,44050.0,0.0
BID,09:28:42,Sell Down,100.0,44050.0,-50.0
BID,09:27:37,Buy Up,200.0,44100.0,0.0
BID,09:27:34,Buy Up,400.0,44100.0,0.0
BID,09:27:34,Buy Up,100.0,44100.0,0.0
BID,09:27:16,Buy Up,100.0,44100.0,0.0
BID,09:27:16,Buy Up,200.0,44100.0,0.0
BID,09:27:16,Buy Up,200.0,44100.0,0.0
BID,09:26:53,Sell Down,1800.0,44100.0,0.0
BID,09:26:42,Buy Up,200.0,44100.0,0.0
BID,09:26:38,Buy Up,800.0,44100.0,0.0
BID,09:26:38,Buy Up,600.0,44100.0,0.0
BID,09:26:38,Buy Up,100.0,44100.0,50.0
BID,09:26:30,Sell Down,3000.0,44050.0,0.0
BID,09:25:43,Sell Down,100.0,44050.0,0.0
BID,09:25:33,Sell Down,100.0,44050.0,0.0
BID,09:25:23,Sell Down,100.0,44050.0,0.0
BID,09:25:22,Sell Down,300.0,44050.0,0.0
BID,09:25:21,Sell Down,3200.0,44050.0,-50.0
BID,09:25:14,Buy Up,4900.0,44100.0,0.0
BID,09:25:14,Buy Up,3000.0,44100.0,0.0
BID,09:25:14,Buy Up,100.0,44100.0,50.0
BID,09:24:43,Sell Down,100.0,44050.0,0.0
BID,09:24:40,Sell Down,300.0,44050.0,0.0
BID,09:24:39,Buy Up,100.0,44050.0,0.0
BID,09:24:39,Buy Up,100.0,44050.0,0.0
BID,09:24:39,Buy Up,100.0,44050.0,0.0
BID,09:24:39,Buy Up,100.0,44050.0,0.0
BID,09:24:39,Buy Up,100.0,44050.0,0.0
BID,09:24:39,Buy Up,3300.0,44050.0,0.0
BID,09:24:33,Buy Up,100.0,44050.0,0.0
BID,09:23:58,Buy Up,200.0,44050.0,0.0
BID,09:23:58,Buy Up,100.0,44050.0,50.0
BID,09:23:51,Sell Down,200.0,44000.0,0.0
BID,09:23:43,Sell Down,100.0,44000.0,0.0
BID,09:23:43,Sell Down,100.0,44000.0,0.0
BID,09:23:26,Sell Down,100.0,44000.0,0.0
BID,09:23:26,Sell Down,100.0,44000.0,0.0
BID,09:23:26,Sell Down,600.0,44000.0,0.0
BID,09:23:26,Buy Up,100.0,44000.0,0.0
BID,09:23:26,Buy Up,600.0,44000.0,0.0
BID,09:23:26,Buy Up,400.0,44000.0,0.0
BID,09:23:01,Buy Up,100.0,44000.0,0.0
BID,09:22:35,Buy Up,3900.0,44000.0,0.0
BID,09:22:14,Sell Down,200.0,44000.0,0.0
BID,09:22:01,Sell Down,2000.0,44000.0,-50.0
BID,09:21:22,Buy Up,100.0,44050.0,0.0
BID,09:21:08,Buy Up,900.0,44050.0,0.0
BID,09:21:08,Buy Up,100.0,44050.0,50.0
BID,09:20:45,Sell Down,3000.0,44000.0,0.0
BID,09:20:45,Sell Down,100.0,44000.0,0.0
BID,09:20:45,Sell Down,300.0,44000.0,50.0
BID,09:20:25,Sell Down,100.0,43950.0,0.0
BID,09:20:21,Buy Up,600.0,43950.0,0.0
BID,09:20:21,Buy Up,3000.0,43950.0,0.0
BID,09:20:21,Buy Up,600.0,43950.0,50.0
BID,09:19:58,Sell Down,100.0,43900.0,0.0
BID,09:19:46,Sell Down,100.0,43900.0,-50.0
BID,09:19:45,Buy Up,100.0,43950.0,50.0
BID,09:19:08,Sell Down,3000.0,43900.0,0.0
BID,09:18:22,Buy Up,200.0,43900.0,0.0
BID,09:18:22,Buy Up,800.0,43900.0,0.0
BID,09:18:15,Buy Up,100.0,43900.0,0.0
BID,09:18:11,Buy Up,2100.0,43900.0,0.0
BID,09:18:11,Buy Up,600.0,43900.0,0.0
BID,09:18:11,Buy Up,300.0,43900.0,0.0
BID,09:17:43,Buy Up,1200.0,43900.0,-50.0
BID,09:17:20,Buy Up,600.0,43950.0,50.0
BID,09:17:12,Sell Down,100.0,43900.0,0.0
BID,09:16:58,Sell Down,100.0,43900.0,0.0
BID,09:16:50,Sell Down,600.0,43900.0,0.0
BID,09:16:38,Buy Up,2000.0,43900.0,0.0
BID,09:16:38,Buy Up,3300.0,43900.0,0.0
BID,09:16:19,Sell Down,100.0,43900.0,0.0
BID,09:16:09,Sell Down,100.0,43900.0,0.0
BID,09:16:09,Sell Down,100.0,43900.0,0.0
BID,09:16:09,Sell Down,100.0,43900.0,0.0
BID,09:16:09,Sell Down,2300.0,43900.0,0.0
BID,09:15:00,,14200.0,43900.0,0.0
