ticker,time,orderType,volume,price,prevPriceChange
POM,11:25:51,Sell Down,7400,5560.0,0.0
POM,11:25:51,Sell Down,100,5560.0,0.0
POM,11:25:51,Sell Down,5000,5560.0,-30.0
POM,11:25:50,Buy Up,600,5590.0,10.0
POM,11:24:12,Buy Up,100,5580.0,10.0
POM,11:23:15,Sell Down,5000,5570.0,0.0
POM,11:23:15,Sell Down,3700,5570.0,0.0
POM,11:23:15,Sell Down,4800,5570.0,-10.0
POM,11:23:13,Buy Up,1000,5580.0,0.0
POM,11:23:13,Buy Up,2900,5580.0,0.0
POM,11:23:11,Sell Down,1000,5580.0,0.0
POM,11:22:08,Sell Down,1100,5580.0,0.0
POM,11:21:52,Buy Up,2500,5580.0,0.0
POM,11:21:21,Buy Up,3000,5580.0,0.0
POM,11:21:14,Sell Down,3000,5580.0,0.0
POM,11:20:55,Sell Down,2000,5580.0,10.0
POM,11:18:50,Sell Down,5200,5570.0,0.0
POM,11:18:50,Sell Down,5000,5570.0,-10.0
POM,11:18:50,Buy Up,800,5580.0,0.0
POM,11:18:17,Buy Up,1200,5580.0,20.0
POM,11:16:14,Sell Down,100,5560.0,0.0
POM,11:16:14,Sell Down,2600,5560.0,0.0
POM,11:15:59,Sell Down,500,5560.0,-20.0
POM,11:15:56,Buy Up,100,5580.0,0.0
POM,11:15:28,Sell Down,700,5580.0,-10.0
POM,11:15:26,Buy Up,700,5590.0,0.0
POM,11:15:26,Buy Up,3100,5590.0,0.0
POM,11:15:26,Buy Up,800,5590.0,0.0
POM,11:15:26,Buy Up,1500,5590.0,0.0
POM,11:15:26,Buy Up,100,5590.0,0.0
POM,11:14:27,Sell Down,500,5590.0,0.0
POM,11:14:12,Sell Down,500,5590.0,0.0
POM,11:13:48,Sell Down,2000,5590.0,0.0
POM,11:13:42,Sell Down,1000,5590.0,0.0
POM,11:11:36,Sell Down,1000,5590.0,-10.0
POM,11:11:16,Buy Up,48500,5600.0,0.0
POM,11:11:16,Buy Up,1000,5600.0,0.0
POM,11:11:16,Buy Up,1200,5600.0,10.0
POM,11:11:16,Buy Up,1000,5590.0,0.0
POM,11:11:16,Buy Up,1300,5590.0,0.0
POM,11:10:56,Buy Up,300,5590.0,0.0
POM,11:10:54,Sell Down,200,5590.0,0.0
POM,11:10:39,Sell Down,200,5590.0,0.0
POM,11:10:37,Sell Down,100,5590.0,0.0
POM,11:10:28,Sell Down,500,5590.0,0.0
POM,11:10:28,Sell Down,3700,5590.0,0.0
POM,11:10:05,Buy Up,900,5590.0,10.0
POM,11:09:20,Buy Up,10000,5580.0,0.0
POM,11:09:20,Buy Up,500,5580.0,-20.0
POM,11:09:20,Buy Up,18400,5600.0,10.0
POM,11:09:20,Buy Up,1600,5590.0,0.0
POM,11:09:20,Buy Up,600,5590.0,0.0
POM,11:09:20,Buy Up,500,5590.0,0.0
POM,11:09:20,Buy Up,3000,5590.0,0.0
POM,11:09:20,Buy Up,2000,5590.0,10.0
POM,11:09:20,Buy Up,100,5580.0,0.0
POM,11:09:20,Buy Up,200,5580.0,20.0
POM,11:09:18,Sell Down,100,5560.0,0.0
POM,11:09:00,Buy Up,1800,5560.0,0.0
POM,11:08:48,Sell Down,5000,5560.0,0.0
POM,11:08:48,Sell Down,100,5560.0,0.0
POM,11:08:48,Sell Down,400,5560.0,0.0
POM,11:08:48,Sell Down,100,5560.0,0.0
POM,11:08:48,Sell Down,200,5560.0,0.0
POM,11:08:48,Sell Down,200,5560.0,0.0
POM,11:08:48,Sell Down,2500,5560.0,0.0
POM,11:08:25,Sell Down,500,5560.0,0.0
POM,11:07:50,Sell Down,1000,5560.0,-20.0
POM,11:05:39,Buy Up,100,5580.0,10.0
POM,11:05:39,Buy Up,100,5570.0,0.0
POM,11:05:29,Buy Up,500,5570.0,0.0
POM,11:05:10,Buy Up,1000,5570.0,0.0
POM,11:05:10,Buy Up,400,5570.0,0.0
POM,11:02:23,Sell Down,600,5570.0,0.0
POM,11:02:20,Buy Up,200,5570.0,0.0
POM,11:01:53,Buy Up,100,5570.0,10.0
POM,11:00:18,Sell Down,200,5560.0,0.0
POM,11:00:17,Sell Down,700,5560.0,-10.0
POM,10:59:28,Buy Up,100,5570.0,0.0
POM,10:57:49,Buy Up,300,5570.0,10.0
POM,10:57:09,Sell Down,100,5560.0,-20.0
POM,10:56:40,Buy Up,2300,5580.0,0.0
POM,10:56:40,Buy Up,500,5580.0,0.0
POM,10:56:40,Buy Up,200,5580.0,0.0
POM,10:56:40,Buy Up,300,5580.0,0.0
POM,10:56:40,Buy Up,2000,5580.0,0.0
POM,10:56:40,Buy Up,200,5580.0,30.0
POM,10:55:16,Sell Down,200,5550.0,0.0
POM,10:55:16,Sell Down,3600,5550.0,0.0
POM,10:55:16,Sell Down,4200,5550.0,0.0
POM,10:54:33,Sell Down,800,5550.0,0.0
POM,10:54:33,Sell Down,200,5550.0,0.0
POM,10:54:33,Sell Down,300,5550.0,-10.0
POM,10:54:22,Buy Up,1000,5560.0,-10.0
POM,10:54:15,Sell Down,500,5570.0,0.0
POM,10:54:02,Sell Down,500,5570.0,0.0
POM,10:53:57,Sell Down,100,5570.0,0.0
POM,10:53:57,Sell Down,1100,5570.0,10.0
POM,10:53:49,Sell Down,1300,5560.0,0.0
POM,10:53:49,Sell Down,100,5560.0,0.0
POM,10:53:49,Sell Down,400,5560.0,10.0
POM,10:53:12,Buy Up,900,5550.0,10.0
POM,10:52:15,Sell Down,1800,5540.0,0.0
POM,10:52:08,Buy Up,200,5540.0,0.0
POM,10:52:08,Buy Up,4800,5540.0,10.0
POM,10:51:33,Sell Down,800,5530.0,0.0
POM,10:51:06,Buy Up,1000,5530.0,0.0
POM,10:51:06,Buy Up,1700,5530.0,0.0
POM,10:50:56,Buy Up,100,5530.0,0.0
POM,10:50:40,Buy Up,100,5530.0,0.0
POM,10:50:18,Buy Up,100,5530.0,0.0
POM,10:50:01,Buy Up,3200,5530.0,0.0
POM,10:50:00,Buy Up,600,5530.0,0.0
POM,10:50:00,Buy Up,400,5530.0,10.0
POM,10:48:13,Sell Down,1100,5520.0,0.0
POM,10:47:58,Sell Down,100,5520.0,-10.0
POM,10:47:37,Buy Up,100,5530.0,0.0
POM,10:47:20,Buy Up,2500,5530.0,0.0
POM,10:47:20,Buy Up,700,5530.0,10.0
POM,10:47:08,Sell Down,1100,5520.0,0.0
POM,10:47:08,Sell Down,100,5520.0,0.0
POM,10:47:08,Sell Down,4000,5520.0,0.0
POM,10:47:08,Sell Down,800,5520.0,-10.0
POM,10:47:08,Buy Up,100,5530.0,0.0
POM,10:46:56,Buy Up,100,5530.0,0.0
POM,10:46:52,Sell Down,100,5530.0,0.0
POM,10:46:43,Buy Up,4600,5530.0,0.0
POM,10:46:43,Buy Up,2000,5530.0,0.0
POM,10:46:16,Buy Up,6000,5530.0,0.0
POM,10:46:03,Buy Up,800,5530.0,0.0
POM,10:45:57,Buy Up,1000,5530.0,0.0
POM,10:45:46,Sell Down,200,5530.0,0.0
POM,10:45:46,Sell Down,4600,5530.0,0.0
POM,10:45:34,Sell Down,200,5530.0,0.0
POM,10:45:16,Sell Down,200,5530.0,0.0
POM,10:45:00,Buy Up,1000,5530.0,0.0
POM,10:44:51,Buy Up,200,5530.0,0.0
POM,10:44:51,Buy Up,8800,5530.0,0.0
POM,10:44:51,Buy Up,1000,5530.0,0.0
POM,10:44:38,Buy Up,600,5530.0,0.0
POM,10:44:27,Buy Up,8000,5530.0,0.0
POM,10:43:45,Buy Up,500,5530.0,0.0
POM,10:43:38,Buy Up,100,5530.0,0.0
POM,10:42:31,Buy Up,10000,5530.0,0.0
POM,10:42:21,Buy Up,600,5530.0,0.0
POM,10:42:20,Sell Down,4300,5530.0,0.0
POM,10:42:16,Sell Down,800,5530.0,0.0
POM,10:42:16,Sell Down,100,5530.0,0.0
POM,10:42:16,Sell Down,100,5530.0,0.0
POM,10:41:34,Sell Down,200,5530.0,0.0
POM,10:41:34,Sell Down,800,5530.0,0.0
POM,10:40:33,Sell Down,200,5530.0,0.0
POM,10:40:18,Sell Down,1000,5530.0,0.0
POM,10:40:18,Sell Down,100,5530.0,-10.0
POM,10:39:56,Buy Up,200,5540.0,0.0
POM,10:39:44,Buy Up,200,5540.0,10.0
POM,10:39:36,Sell Down,1000,5530.0,0.0
POM,10:38:16,Sell Down,1000,5530.0,-10.0
POM,10:37:33,Buy Up,500,5540.0,10.0
POM,10:36:35,Sell Down,100,5530.0,0.0
POM,10:36:35,Sell Down,1200,5530.0,0.0
POM,10:36:35,Sell Down,200,5530.0,0.0
POM,10:36:35,Sell Down,500,5530.0,-10.0
POM,10:35:59,Buy Up,100,5540.0,0.0
POM,10:35:59,Buy Up,1200,5540.0,0.0
POM,10:35:44,Sell Down,800,5540.0,0.0
POM,10:35:44,Sell Down,4200,5540.0,-20.0
POM,10:35:40,Buy Up,300,5560.0,20.0
POM,10:35:17,Sell Down,500,5540.0,0.0
POM,10:35:17,Sell Down,100,5540.0,0.0
POM,10:35:17,Sell Down,100,5540.0,0.0
POM,10:35:17,Sell Down,200,5540.0,0.0
POM,10:35:17,Sell Down,700,5540.0,-10.0
POM,10:35:01,Sell Down,100,5550.0,0.0
POM,10:35:01,Sell Down,1400,5550.0,0.0
POM,10:34:58,Sell Down,300,5550.0,0.0
POM,10:34:58,Sell Down,100,5550.0,0.0
POM,10:34:58,Sell Down,2000,5550.0,0.0
POM,10:34:58,Sell Down,2000,5550.0,0.0
POM,10:34:58,Sell Down,500,5550.0,0.0
POM,10:34:57,Sell Down,1000,5550.0,0.0
POM,10:34:57,Sell Down,100,5550.0,-10.0
POM,10:34:48,Buy Up,300,5560.0,0.0
POM,10:34:21,Buy Up,500,5560.0,0.0
POM,10:34:01,Buy Up,500,5560.0,0.0
POM,10:33:42,Buy Up,200,5560.0,0.0
POM,10:33:42,Buy Up,600,5560.0,0.0
POM,10:33:42,Buy Up,2000,5560.0,0.0
POM,10:33:42,Buy Up,200,5560.0,0.0
POM,10:33:42,Buy Up,1000,5560.0,-10.0
POM,10:33:29,Buy Up,200,5570.0,0.0
POM,10:32:57,Sell Down,2700,5570.0,0.0
POM,10:32:57,Sell Down,3500,5570.0,0.0
POM,10:32:56,Sell Down,300,5570.0,0.0
POM,10:32:56,Sell Down,500,5570.0,0.0
POM,10:32:56,Sell Down,100,5570.0,0.0
POM,10:32:56,Sell Down,500,5570.0,0.0
POM,10:32:56,Sell Down,400,5570.0,0.0
POM,10:32:56,Sell Down,3700,5570.0,0.0
POM,10:32:27,Sell Down,6300,5570.0,0.0
POM,10:32:27,Sell Down,3700,5570.0,0.0
POM,10:32:02,Sell Down,1000,5570.0,0.0
POM,10:31:13,Sell Down,5300,5570.0,-10.0
POM,10:30:56,Buy Up,1000,5580.0,0.0
POM,10:30:42,Buy Up,200,5580.0,0.0
POM,10:28:36,Buy Up,600,5580.0,0.0
POM,10:28:36,Buy Up,400,5580.0,0.0
POM,10:28:00,Buy Up,100,5580.0,0.0
POM,10:28:00,Buy Up,200,5580.0,0.0
POM,10:27:38,Buy Up,500,5580.0,0.0
POM,10:27:29,Buy Up,100,5580.0,0.0
POM,10:27:27,Sell Down,5000,5580.0,0.0
POM,10:27:27,Sell Down,3000,5580.0,0.0
POM,10:27:27,Sell Down,100,5580.0,0.0
POM,10:27:27,Sell Down,2300,5580.0,0.0
POM,10:27:27,Sell Down,7200,5580.0,0.0
POM,10:27:25,Sell Down,500,5580.0,0.0
POM,10:27:25,Sell Down,1400,5580.0,0.0
POM,10:27:25,Sell Down,100,5580.0,0.0
POM,10:27:12,Sell Down,2000,5580.0,0.0
POM,10:26:57,Sell Down,2000,5580.0,0.0
POM,10:25:57,Sell Down,900,5580.0,0.0
POM,10:25:57,Sell Down,100,5580.0,-10.0
POM,10:24:49,Buy Up,400,5590.0,0.0
POM,10:24:49,Buy Up,100,5590.0,0.0
POM,10:24:49,Buy Up,500,5590.0,0.0
POM,10:24:32,Buy Up,100,5590.0,0.0
POM,10:24:32,Buy Up,900,5590.0,0.0
POM,10:24:23,Buy Up,200,5590.0,0.0
POM,10:24:14,Buy Up,500,5590.0,0.0
POM,10:24:09,Buy Up,500,5590.0,0.0
POM,10:23:57,Buy Up,1700,5590.0,0.0
POM,10:23:39,Buy Up,100,5590.0,0.0
POM,10:23:27,Buy Up,100,5590.0,0.0
POM,10:23:27,Buy Up,400,5590.0,0.0
POM,10:23:05,Buy Up,3000,5590.0,0.0
POM,10:23:05,Buy Up,2000,5590.0,0.0
POM,10:22:58,Buy Up,100,5590.0,0.0
POM,10:22:58,Buy Up,400,5590.0,0.0
POM,10:22:56,Buy Up,100,5590.0,0.0
POM,10:22:51,Buy Up,500,5590.0,0.0
POM,10:22:51,Buy Up,1200,5590.0,0.0
POM,10:22:14,Buy Up,800,5590.0,0.0
POM,10:22:14,Buy Up,3600,5590.0,0.0
POM,10:21:47,Buy Up,600,5590.0,0.0
POM,10:21:07,Sell Down,800,5590.0,0.0
POM,10:20:57,Sell Down,1000,5590.0,0.0
POM,10:20:42,Sell Down,100,5590.0,0.0
POM,10:20:11,Sell Down,100,5590.0,0.0
POM,10:20:10,Sell Down,100,5590.0,0.0
POM,10:19:59,Sell Down,300,5590.0,0.0
POM,10:19:25,Buy Up,7600,5590.0,0.0
POM,10:18:56,Buy Up,10000,5590.0,0.0
POM,10:18:24,Buy Up,100,5590.0,0.0
POM,10:18:24,Sell Down,1000,5590.0,0.0
POM,10:18:24,Sell Down,1300,5590.0,0.0
POM,10:18:22,Sell Down,8700,5590.0,0.0
POM,10:18:22,Sell Down,1000,5590.0,0.0
POM,10:18:22,Sell Down,7300,5590.0,0.0
POM,10:18:19,Sell Down,5000,5590.0,0.0
POM,10:18:03,Sell Down,4100,5590.0,-10.0
POM,10:17:53,Buy Up,1000,5600.0,0.0
POM,10:17:47,Buy Up,9400,5600.0,0.0
POM,10:17:47,Buy Up,3000,5600.0,0.0
POM,10:17:47,Buy Up,1000,5600.0,0.0
POM,10:17:47,Buy Up,1600,5600.0,0.0
POM,10:17:15,Buy Up,400,5600.0,0.0
POM,10:17:15,Buy Up,5000,5600.0,0.0
POM,10:17:15,Buy Up,200,5600.0,0.0
POM,10:17:15,Buy Up,200,5600.0,0.0
POM,10:17:15,Buy Up,4200,5600.0,0.0
POM,10:17:09,Buy Up,200,5600.0,10.0
POM,10:16:54,Sell Down,400,5590.0,-10.0
POM,10:16:53,Buy Up,800,5600.0,0.0
POM,10:16:25,Buy Up,1500,5600.0,10.0
POM,10:16:00,Sell Down,400,5590.0,-10.0
POM,10:15:59,Buy Up,18500,5600.0,0.0
POM,10:15:59,Buy Up,700,5600.0,0.0
POM,10:15:59,Buy Up,5800,5600.0,0.0
POM,10:15:59,Buy Up,1300,5600.0,0.0
POM,10:15:59,Buy Up,1000,5600.0,0.0
POM,10:15:59,Buy Up,200,5600.0,0.0
POM,10:15:59,Buy Up,100,5600.0,0.0
POM,10:15:59,Buy Up,2000,5600.0,0.0
POM,10:15:59,Buy Up,1000,5600.0,0.0
POM,10:15:59,Buy Up,100,5600.0,0.0
POM,10:15:59,Buy Up,8000,5600.0,0.0
POM,10:15:59,Buy Up,1000,5600.0,0.0
POM,10:15:59,Buy Up,7900,5600.0,0.0
POM,10:15:59,Buy Up,2400,5600.0,0.0
POM,10:15:56,Buy Up,600,5600.0,0.0
POM,10:15:56,Buy Up,500,5600.0,0.0
POM,10:15:56,Buy Up,3000,5600.0,0.0
POM,10:15:56,Buy Up,3000,5600.0,0.0
POM,10:15:56,Buy Up,5000,5600.0,0.0
POM,10:15:56,Buy Up,1400,5600.0,0.0
POM,10:15:56,Buy Up,100,5600.0,0.0
POM,10:15:56,Buy Up,5000,5600.0,0.0
POM,10:15:56,Buy Up,11000,5600.0,0.0
POM,10:15:56,Buy Up,100,5600.0,0.0
POM,10:15:56,Buy Up,100,5600.0,0.0
POM,10:15:56,Buy Up,100,5600.0,0.0
POM,10:15:56,Buy Up,1000,5600.0,0.0
POM,10:15:56,Buy Up,300,5600.0,0.0
POM,10:15:56,Buy Up,3400,5600.0,0.0
POM,10:15:56,Buy Up,100,5600.0,0.0
POM,10:15:56,Buy Up,4000,5600.0,0.0
POM,10:15:56,Buy Up,100,5600.0,0.0
POM,10:15:56,Buy Up,500,5600.0,0.0
POM,10:15:56,Buy Up,400,5600.0,0.0
POM,10:15:56,Buy Up,400,5600.0,0.0
POM,10:15:56,Buy Up,10000,5600.0,0.0
POM,10:15:56,Buy Up,500,5600.0,0.0
POM,10:15:35,Buy Up,100,5600.0,0.0
POM,10:15:22,Buy Up,300,5600.0,0.0
POM,10:14:54,Buy Up,3000,5600.0,0.0
POM,10:14:24,Buy Up,400,5600.0,10.0
POM,10:14:05,Buy Up,1000,5590.0,0.0
POM,10:14:04,Buy Up,1800,5590.0,0.0
POM,10:13:20,Buy Up,100,5590.0,0.0
POM,10:13:10,Buy Up,3000,5590.0,0.0
POM,10:13:10,Buy Up,600,5590.0,0.0
POM,10:12:37,Sell Down,1900,5590.0,0.0
POM,10:12:37,Sell Down,100,5590.0,0.0
POM,10:12:16,Sell Down,8100,5590.0,0.0
POM,10:12:08,Sell Down,500,5590.0,20.0
POM,10:11:27,Sell Down,500,5570.0,-30.0
POM,10:11:14,Buy Up,700,5600.0,0.0
POM,10:11:14,Buy Up,500,5600.0,10.0
POM,10:11:14,Buy Up,1500,5590.0,0.0
POM,10:11:14,Buy Up,900,5590.0,0.0
POM,10:11:14,Buy Up,1000,5590.0,10.0
POM,10:11:14,Buy Up,400,5580.0,0.0
POM,10:11:13,Buy Up,600,5580.0,0.0
POM,10:11:08,Buy Up,100,5580.0,0.0
POM,10:11:06,Buy Up,100,5580.0,0.0
POM,10:11:06,Buy Up,500,5580.0,0.0
POM,10:11:04,Buy Up,400,5580.0,0.0
POM,10:10:15,Buy Up,2100,5580.0,0.0
POM,10:10:15,Buy Up,2100,5580.0,0.0
POM,10:10:15,Buy Up,800,5580.0,0.0
POM,10:09:55,Buy Up,8800,5580.0,0.0
POM,10:09:55,Buy Up,100,5580.0,0.0
POM,10:09:55,Buy Up,900,5580.0,0.0
POM,10:09:55,Buy Up,8000,5580.0,0.0
POM,10:09:55,Buy Up,1000,5580.0,0.0
POM,10:09:55,Buy Up,1200,5580.0,0.0
POM,10:09:10,Buy Up,2000,5580.0,10.0
POM,10:09:06,Sell Down,200,5570.0,0.0
POM,10:09:06,Sell Down,500,5570.0,0.0
POM,10:09:06,Sell Down,1200,5570.0,0.0
POM,10:08:45,Buy Up,800,5570.0,0.0
POM,10:08:45,Buy Up,3000,5570.0,0.0
POM,10:08:45,Buy Up,1000,5570.0,10.0
POM,10:08:45,Buy Up,700,5560.0,0.0
POM,10:08:16,Buy Up,100,5560.0,0.0
POM,10:08:05,Buy Up,200,5560.0,0.0
POM,10:08:05,Buy Up,100,5560.0,0.0
POM,10:08:05,Buy Up,700,5560.0,0.0
POM,10:08:03,Buy Up,300,5560.0,0.0
POM,10:08:03,Buy Up,200,5560.0,0.0
POM,10:07:52,Buy Up,4800,5560.0,0.0
POM,10:07:52,Buy Up,10000,5560.0,0.0
POM,10:07:52,Buy Up,15200,5560.0,10.0
POM,10:07:33,Sell Down,1000,5550.0,0.0
POM,10:07:29,Sell Down,100,5550.0,0.0
POM,10:07:29,Sell Down,3100,5550.0,0.0
POM,10:07:22,Buy Up,100,5550.0,0.0
POM,10:07:15,Buy Up,200,5550.0,0.0
POM,10:07:15,Buy Up,3000,5550.0,0.0
POM,10:07:07,Buy Up,3600,5550.0,0.0
POM,10:07:07,Buy Up,16400,5550.0,0.0
POM,10:06:41,Sell Down,5700,5550.0,0.0
POM,10:06:29,Sell Down,10000,5550.0,0.0
POM,10:06:21,Sell Down,4300,5550.0,0.0
POM,10:06:19,Sell Down,100,5550.0,0.0
POM,10:06:19,Sell Down,5600,5550.0,0.0
POM,10:06:17,Sell Down,100,5550.0,0.0
POM,10:06:10,Buy Up,500,5550.0,0.0
POM,10:06:10,Buy Up,10000,5550.0,0.0
POM,10:06:10,Buy Up,400,5550.0,0.0
POM,10:06:10,Buy Up,3400,5550.0,10.0
POM,10:05:54,Sell Down,300,5540.0,0.0
POM,10:05:54,Sell Down,800,5540.0,0.0
POM,10:05:21,Sell Down,17000,5540.0,-10.0
POM,10:05:13,Buy Up,11600,5550.0,0.0
POM,10:05:13,Buy Up,1000,5550.0,0.0
POM,10:05:13,Buy Up,7400,5550.0,10.0
POM,10:05:04,Sell Down,200,5540.0,0.0
POM,10:05:01,Sell Down,2000,5540.0,10.0
POM,10:04:54,Sell Down,500,5530.0,-10.0
POM,10:04:54,Sell Down,500,5540.0,0.0
POM,10:04:50,Sell Down,2000,5540.0,0.0
POM,10:04:41,Sell Down,1900,5540.0,0.0
POM,10:04:37,Sell Down,100,5540.0,0.0
POM,10:04:27,Sell Down,100,5540.0,-10.0
POM,10:04:06,Buy Up,100,5550.0,0.0
POM,10:04:02,Buy Up,500,5550.0,0.0
POM,10:04:01,Sell Down,2000,5550.0,0.0
POM,10:04:00,Sell Down,2000,5550.0,0.0
POM,10:04:00,Sell Down,8000,5550.0,0.0
POM,10:03:53,Buy Up,10000,5550.0,0.0
POM,10:03:53,Buy Up,2000,5550.0,0.0
POM,10:03:42,Buy Up,8000,5550.0,0.0
POM,10:03:42,Buy Up,2000,5550.0,0.0
POM,10:03:34,Buy Up,10000,5550.0,20.0
POM,10:03:30,Sell Down,800,5530.0,-20.0
POM,10:03:11,Buy Up,4200,5550.0,0.0
POM,10:03:09,Buy Up,2700,5550.0,0.0
POM,10:03:09,Buy Up,1800,5550.0,0.0
POM,10:03:09,Buy Up,1300,5550.0,0.0
POM,10:03:08,Buy Up,8700,5550.0,0.0
POM,10:03:08,Buy Up,1300,5550.0,0.0
POM,10:02:58,Buy Up,1100,5550.0,0.0
POM,10:02:42,Sell Down,2600,5550.0,0.0
POM,10:02:31,Sell Down,500,5550.0,0.0
POM,10:02:28,Buy Up,5100,5550.0,0.0
POM,10:02:28,Buy Up,1800,5550.0,0.0
POM,10:02:12,Buy Up,200,5550.0,30.0
POM,10:01:39,Sell Down,600,5520.0,0.0
POM,10:01:39,Sell Down,9000,5520.0,-10.0
POM,10:01:39,Buy Up,400,5530.0,-30.0
POM,10:01:24,Sell Down,1700,5560.0,0.0
POM,10:01:20,Sell Down,7100,5560.0,0.0
POM,10:01:11,Sell Down,1000,5560.0,10.0
POM,10:01:06,Buy Up,200,5550.0,0.0
POM,10:01:06,Buy Up,30000,5550.0,0.0
POM,10:01:06,Buy Up,3600,5550.0,0.0
POM,10:01:06,Buy Up,11200,5550.0,0.0
POM,10:01:06,Buy Up,4500,5550.0,0.0
POM,10:01:06,Buy Up,100,5550.0,0.0
POM,10:01:06,Buy Up,200,5550.0,0.0
POM,10:01:06,Buy Up,100,5550.0,0.0
POM,10:01:06,Buy Up,100,5550.0,0.0
POM,10:00:54,Sell Down,5500,5550.0,0.0
POM,10:00:54,Sell Down,6300,5550.0,0.0
POM,10:00:54,Sell Down,300,5550.0,0.0
POM,10:00:54,Sell Down,100,5550.0,0.0
POM,10:00:54,Sell Down,1000,5550.0,0.0
POM,10:00:54,Sell Down,1000,5550.0,0.0
POM,10:00:54,Sell Down,1000,5550.0,0.0
POM,10:00:54,Sell Down,10000,5550.0,0.0
POM,10:00:54,Sell Down,400,5550.0,-10.0
POM,10:00:54,Sell Down,2000,5560.0,0.0
POM,10:00:54,Sell Down,3000,5560.0,-10.0
POM,10:00:54,Sell Down,3000,5570.0,0.0
POM,10:00:54,Sell Down,10000,5570.0,0.0
POM,10:00:54,Sell Down,200,5570.0,0.0
POM,10:00:54,Sell Down,6200,5570.0,0.0
POM,10:00:33,Sell Down,1000,5570.0,0.0
POM,10:00:18,Buy Up,500,5570.0,0.0
POM,10:00:18,Buy Up,2000,5570.0,0.0
POM,10:00:18,Buy Up,300,5570.0,0.0
POM,10:00:05,Buy Up,2000,5570.0,0.0
POM,10:00:04,Buy Up,200,5570.0,0.0
POM,09:59:46,Buy Up,200,5570.0,0.0
POM,09:59:37,Buy Up,200,5570.0,0.0
POM,09:59:36,Buy Up,5000,5570.0,0.0
POM,09:59:24,Buy Up,500,5570.0,-10.0
POM,09:59:24,Buy Up,8800,5580.0,10.0
POM,09:59:24,Buy Up,500,5570.0,0.0
POM,09:59:24,Buy Up,200,5570.0,0.0
POM,09:58:59,Buy Up,1300,5570.0,0.0
POM,09:58:49,Sell Down,200,5570.0,0.0
POM,09:58:28,Sell Down,1000,5570.0,0.0
POM,09:58:27,Sell Down,1000,5570.0,0.0
POM,09:58:27,Sell Down,300,5570.0,0.0
POM,09:58:27,Sell Down,200,5570.0,-10.0
POM,09:58:15,Sell Down,700,5580.0,0.0
POM,09:58:15,Sell Down,1800,5580.0,0.0
POM,09:57:52,Sell Down,300,5580.0,0.0
POM,09:57:43,Sell Down,1500,5580.0,0.0
POM,09:57:33,Sell Down,6400,5580.0,0.0
POM,09:57:33,Sell Down,500,5580.0,0.0
POM,09:57:33,Sell Down,1000,5580.0,0.0
POM,09:57:33,Sell Down,1000,5580.0,0.0
POM,09:57:33,Sell Down,100,5580.0,0.0
POM,09:57:33,Sell Down,1000,5580.0,-10.0
POM,09:56:57,Sell Down,5400,5590.0,0.0
POM,09:56:57,Sell Down,1100,5590.0,0.0
POM,09:56:57,Sell Down,400,5590.0,0.0
POM,09:56:57,Sell Down,100,5590.0,0.0
POM,09:56:57,Sell Down,1000,5590.0,0.0
POM,09:56:57,Sell Down,100,5590.0,0.0
POM,09:56:57,Sell Down,2400,5590.0,-10.0
POM,09:56:29,Buy Up,100,5600.0,10.0
POM,09:56:29,Sell Down,5000,5590.0,0.0
POM,09:56:10,Sell Down,1000,5590.0,0.0
POM,09:55:44,Sell Down,100,5590.0,0.0
POM,09:55:44,Sell Down,100,5590.0,-10.0
POM,09:55:24,Buy Up,100,5600.0,0.0
POM,09:55:22,Buy Up,100,5600.0,10.0
POM,09:55:18,Sell Down,1000,5590.0,0.0
POM,09:55:13,Sell Down,1400,5590.0,0.0
POM,09:55:13,Sell Down,3600,5590.0,0.0
POM,09:55:12,Sell Down,3700,5590.0,0.0
POM,09:55:06,Sell Down,4900,5590.0,0.0
POM,09:55:06,Sell Down,100,5590.0,0.0
POM,09:55:06,Sell Down,100,5590.0,0.0
POM,09:54:49,Sell Down,4000,5590.0,-10.0
POM,09:53:41,Buy Up,100,5600.0,10.0
POM,09:53:26,Sell Down,300,5590.0,0.0
POM,09:52:43,Sell Down,200,5590.0,0.0
POM,09:52:43,Sell Down,500,5590.0,0.0
POM,09:52:28,Sell Down,2000,5590.0,0.0
POM,09:52:19,Sell Down,1000,5590.0,0.0
POM,09:52:03,Sell Down,600,5590.0,0.0
POM,09:52:02,Sell Down,5500,5590.0,-10.0
POM,09:51:53,Buy Up,800,5600.0,10.0
POM,09:51:24,Sell Down,2000,5590.0,0.0
POM,09:51:10,Sell Down,1100,5590.0,0.0
POM,09:51:02,Buy Up,2000,5590.0,0.0
POM,09:51:02,Buy Up,500,5590.0,0.0
POM,09:51:01,Buy Up,500,5590.0,0.0
POM,09:51:01,Buy Up,500,5590.0,0.0
POM,09:51:00,Buy Up,100,5590.0,0.0
POM,09:50:41,Sell Down,100,5590.0,0.0
POM,09:50:41,Sell Down,1500,5590.0,0.0
POM,09:50:41,Sell Down,600,5590.0,0.0
POM,09:50:25,Sell Down,400,5590.0,-10.0
POM,09:50:19,Buy Up,200,5600.0,0.0
POM,09:50:13,Buy Up,2000,5600.0,10.0
POM,09:50:09,Sell Down,1000,5590.0,10.0
POM,09:49:44,Sell Down,1000,5580.0,0.0
POM,09:49:44,Sell Down,2000,5580.0,-20.0
POM,09:49:42,Buy Up,200,5600.0,10.0
POM,09:49:42,Buy Up,1000,5590.0,0.0
POM,09:49:42,Buy Up,1000,5590.0,0.0
POM,09:49:42,Buy Up,200,5590.0,0.0
POM,09:49:38,Buy Up,1000,5590.0,0.0
POM,09:49:36,Buy Up,2700,5590.0,0.0
POM,09:49:36,Buy Up,2300,5590.0,0.0
POM,09:49:17,Buy Up,1600,5590.0,0.0
POM,09:49:17,Buy Up,2000,5590.0,0.0
POM,09:49:17,Buy Up,6000,5590.0,0.0
POM,09:49:17,Buy Up,400,5590.0,0.0
POM,09:48:37,Buy Up,100,5590.0,10.0
POM,09:48:33,Sell Down,1000,5580.0,0.0
POM,09:48:21,Buy Up,1000,5580.0,0.0
POM,09:48:21,Buy Up,600,5580.0,0.0
POM,09:48:21,Buy Up,2000,5580.0,0.0
POM,09:48:21,Buy Up,3000,5580.0,0.0
POM,09:48:19,Buy Up,100,5580.0,0.0
POM,09:47:51,Buy Up,200,5580.0,0.0
POM,09:47:44,Buy Up,400,5580.0,0.0
POM,09:47:33,Sell Down,100,5580.0,0.0
POM,09:47:33,Sell Down,1200,5580.0,0.0
POM,09:47:26,Sell Down,2000,5580.0,0.0
POM,09:47:25,Sell Down,100,5580.0,0.0
POM,09:46:51,Sell Down,100,5580.0,-10.0
POM,09:46:49,Buy Up,3000,5590.0,10.0
POM,09:46:38,Sell Down,1000,5580.0,-10.0
POM,09:46:26,Buy Up,500,5590.0,10.0
POM,09:46:22,Sell Down,100,5580.0,0.0
POM,09:46:20,Sell Down,200,5580.0,0.0
POM,09:46:20,Sell Down,5300,5580.0,0.0
POM,09:45:59,Sell Down,1000,5580.0,0.0
POM,09:45:59,Sell Down,100,5580.0,0.0
POM,09:45:59,Sell Down,10000,5580.0,0.0
POM,09:45:59,Sell Down,3000,5580.0,0.0
POM,09:45:59,Sell Down,500,5580.0,0.0
POM,09:45:59,Sell Down,100,5580.0,0.0
POM,09:45:54,Sell Down,9900,5580.0,0.0
POM,09:45:54,Sell Down,200,5580.0,0.0
POM,09:45:54,Sell Down,2000,5580.0,0.0
POM,09:45:54,Sell Down,200,5580.0,0.0
POM,09:45:54,Sell Down,100,5580.0,0.0
POM,09:45:54,Sell Down,100,5580.0,-10.0
POM,09:44:52,Sell Down,1400,5590.0,0.0
POM,09:44:36,Sell Down,1600,5590.0,0.0
POM,09:44:36,Sell Down,1000,5590.0,0.0
POM,09:44:36,Sell Down,3500,5590.0,0.0
POM,09:44:36,Sell Down,8200,5590.0,0.0
POM,09:44:18,Sell Down,1000,5590.0,-10.0
POM,09:43:55,Buy Up,1000,5600.0,10.0
POM,09:43:53,Sell Down,100,5590.0,0.0
POM,09:43:52,Sell Down,700,5590.0,0.0
POM,09:43:52,Sell Down,100,5590.0,0.0
POM,09:43:52,Sell Down,700,5590.0,0.0
POM,09:43:41,Sell Down,5000,5590.0,0.0
POM,09:43:31,Sell Down,14300,5590.0,0.0
POM,09:43:31,Sell Down,600,5590.0,0.0
POM,09:43:31,Sell Down,900,5590.0,0.0
POM,09:43:29,Sell Down,600,5590.0,-10.0
POM,09:42:57,Buy Up,100,5600.0,0.0
POM,09:42:44,Buy Up,400,5600.0,0.0
POM,09:42:44,Buy Up,10000,5600.0,0.0
POM,09:42:21,Buy Up,300,5600.0,10.0
POM,09:42:09,Sell Down,500,5590.0,0.0
POM,09:42:09,Sell Down,2500,5590.0,-10.0
POM,09:41:27,Sell Down,400,5600.0,0.0
POM,09:41:19,Buy Up,1500,5600.0,0.0
POM,09:41:15,Sell Down,500,5600.0,0.0
POM,09:41:15,Sell Down,5000,5600.0,-10.0
POM,09:41:13,Buy Up,100,5610.0,10.0
POM,09:41:02,Sell Down,1900,5600.0,0.0
POM,09:40:46,Sell Down,400,5600.0,0.0
POM,09:40:37,Sell Down,600,5600.0,0.0
POM,09:40:34,Sell Down,5000,5600.0,0.0
POM,09:40:30,Buy Up,9600,5600.0,0.0
POM,09:40:19,Sell Down,500,5600.0,0.0
POM,09:40:19,Sell Down,100,5600.0,0.0
POM,09:40:19,Sell Down,100,5600.0,0.0
POM,09:40:19,Sell Down,8000,5600.0,0.0
POM,09:40:19,Sell Down,1700,5600.0,0.0
POM,09:40:13,Sell Down,300,5600.0,0.0
POM,09:40:13,Sell Down,5000,5600.0,0.0
POM,09:40:13,Sell Down,2000,5600.0,0.0
POM,09:40:13,Sell Down,100,5600.0,0.0
POM,09:40:13,Sell Down,2000,5600.0,0.0
POM,09:40:13,Sell Down,600,5600.0,0.0
POM,09:40:08,Sell Down,500,5600.0,0.0
POM,09:40:02,Sell Down,18900,5600.0,0.0
POM,09:40:02,Sell Down,3300,5600.0,0.0
POM,09:40:02,Sell Down,7800,5600.0,0.0
POM,09:39:46,Sell Down,200,5600.0,0.0
POM,09:39:46,Sell Down,1800,5600.0,0.0
POM,09:39:40,Sell Down,5000,5600.0,-10.0
POM,09:39:38,Buy Up,900,5610.0,0.0
POM,09:39:38,Buy Up,1000,5610.0,0.0
POM,09:39:38,Buy Up,100,5610.0,0.0
POM,09:39:38,Buy Up,1000,5610.0,0.0
POM,09:39:38,Buy Up,17000,5610.0,10.0
POM,09:39:34,Sell Down,3200,5600.0,0.0
POM,09:39:34,Sell Down,1800,5600.0,0.0
POM,09:39:17,Sell Down,1200,5600.0,0.0
POM,09:39:17,Sell Down,500,5600.0,0.0
POM,09:39:17,Sell Down,2800,5600.0,0.0
POM,09:39:17,Sell Down,500,5600.0,-10.0
POM,09:39:05,Buy Up,1200,5610.0,0.0
POM,09:39:05,Buy Up,1000,5610.0,0.0
POM,09:38:54,Buy Up,200,5610.0,0.0
POM,09:38:54,Buy Up,800,5610.0,10.0
POM,09:38:51,Sell Down,1000,5600.0,0.0
POM,09:38:44,Sell Down,300,5600.0,-10.0
POM,09:38:40,Buy Up,900,5610.0,10.0
POM,09:38:33,Sell Down,100,5600.0,-10.0
POM,09:38:12,Buy Up,700,5610.0,0.0
POM,09:38:12,Buy Up,100,5610.0,0.0
POM,09:38:12,Buy Up,200,5610.0,0.0
POM,09:37:55,Buy Up,2100,5610.0,0.0
POM,09:37:31,Buy Up,500,5610.0,0.0
POM,09:37:14,Buy Up,1000,5610.0,0.0
POM,09:37:08,Buy Up,1000,5610.0,0.0
POM,09:36:51,Buy Up,15100,5610.0,0.0
POM,09:36:32,Buy Up,300,5610.0,0.0
POM,09:36:32,Buy Up,300,5610.0,0.0
POM,09:36:07,Sell Down,1000,5610.0,0.0
POM,09:36:07,Sell Down,1000,5610.0,0.0
POM,09:36:07,Sell Down,7700,5610.0,0.0
POM,09:36:02,Sell Down,6700,5610.0,0.0
POM,09:35:59,Sell Down,500,5610.0,0.0
POM,09:35:46,Buy Up,3800,5610.0,0.0
POM,09:35:33,Sell Down,1200,5610.0,-10.0
POM,09:35:21,Buy Up,3000,5620.0,0.0
POM,09:35:20,Buy Up,100,5620.0,0.0
POM,09:35:16,Buy Up,300,5620.0,-10.0
POM,09:35:13,Buy Up,2100,5630.0,0.0
POM,09:35:13,Buy Up,1000,5630.0,0.0
POM,09:35:13,Buy Up,1000,5630.0,10.0
POM,09:34:56,Sell Down,100,5620.0,0.0
POM,09:34:50,Sell Down,100,5620.0,0.0
POM,09:34:39,Buy Up,40000,5620.0,0.0
POM,09:34:39,Buy Up,1000,5620.0,0.0
POM,09:34:39,Buy Up,200,5620.0,0.0
POM,09:34:39,Buy Up,5000,5620.0,0.0
POM,09:34:39,Buy Up,3000,5620.0,0.0
POM,09:34:39,Buy Up,500,5620.0,0.0
POM,09:34:39,Buy Up,100,5620.0,10.0
POM,09:34:39,Buy Up,700,5610.0,0.0
POM,09:34:30,Sell Down,200,5610.0,10.0
POM,09:34:03,Sell Down,8100,5600.0,0.0
POM,09:34:03,Sell Down,1900,5600.0,0.0
POM,09:33:55,Sell Down,1700,5600.0,0.0
POM,09:33:48,Sell Down,300,5600.0,0.0
POM,09:33:35,Sell Down,10600,5600.0,0.0
POM,09:33:20,Sell Down,5000,5600.0,0.0
POM,09:32:57,Sell Down,30000,5600.0,0.0
POM,09:32:57,Sell Down,500,5600.0,0.0
POM,09:32:48,Buy Up,300,5600.0,0.0
POM,09:32:42,Buy Up,6000,5600.0,0.0
POM,09:32:42,Buy Up,30000,5600.0,10.0
POM,09:32:41,Sell Down,200,5590.0,0.0
POM,09:32:16,Sell Down,3000,5590.0,-10.0
POM,09:32:03,Buy Up,2000,5600.0,0.0
POM,09:31:50,Buy Up,7000,5600.0,0.0
POM,09:31:43,Buy Up,1000,5600.0,0.0
POM,09:31:43,Buy Up,100,5600.0,0.0
POM,09:31:32,Buy Up,100,5600.0,0.0
POM,09:31:32,Buy Up,300,5600.0,0.0
POM,09:31:32,Buy Up,3000,5600.0,0.0
POM,09:31:32,Buy Up,16700,5600.0,0.0
POM,09:31:31,Buy Up,4800,5600.0,0.0
POM,09:31:29,Buy Up,100,5600.0,0.0
POM,09:31:22,Buy Up,100,5600.0,0.0
POM,09:31:19,Buy Up,1300,5600.0,0.0
POM,09:31:11,Buy Up,100,5600.0,0.0
POM,09:31:03,Buy Up,16900,5600.0,0.0
POM,09:30:59,Sell Down,100,5600.0,0.0
POM,09:30:57,Sell Down,2000,5600.0,0.0
POM,09:30:56,Buy Up,500,5600.0,0.0
POM,09:30:55,Buy Up,17500,5600.0,0.0
POM,09:30:55,Buy Up,100,5600.0,0.0
POM,09:30:55,Buy Up,700,5600.0,0.0
POM,09:30:55,Buy Up,1000,5600.0,0.0
POM,09:30:55,Buy Up,3000,5600.0,0.0
POM,09:30:55,Buy Up,100,5600.0,0.0
POM,09:30:55,Buy Up,7600,5600.0,0.0
POM,09:30:53,Buy Up,5000,5600.0,10.0
POM,09:30:51,Sell Down,600,5590.0,-10.0
POM,09:30:34,Buy Up,5000,5600.0,0.0
POM,09:30:19,Buy Up,5000,5600.0,0.0
POM,09:30:17,Buy Up,2000,5600.0,10.0
POM,09:30:13,Sell Down,100,5590.0,-10.0
POM,09:30:03,Buy Up,6000,5600.0,10.0
POM,09:29:58,Sell Down,500,5590.0,0.0
POM,09:29:48,Buy Up,2100,5590.0,0.0
POM,09:29:48,Buy Up,2500,5590.0,0.0
POM,09:29:48,Buy Up,900,5590.0,0.0
POM,09:29:44,Buy Up,100,5590.0,0.0
POM,09:29:24,Buy Up,400,5590.0,0.0
POM,09:29:18,Sell Down,1500,5590.0,-10.0
POM,09:29:18,Buy Up,100,5600.0,10.0
POM,09:29:09,Sell Down,500,5590.0,-10.0
POM,09:28:58,Buy Up,10000,5600.0,20.0
POM,09:28:56,Sell Down,500,5580.0,0.0
POM,09:28:46,Sell Down,200,5580.0,0.0
POM,09:28:32,Sell Down,600,5580.0,-20.0
POM,09:28:30,Buy Up,5000,5600.0,20.0
POM,09:28:14,Sell Down,500,5580.0,-20.0
POM,09:28:08,Buy Up,3900,5600.0,0.0
POM,09:28:03,Buy Up,400,5600.0,20.0
POM,09:27:50,Sell Down,2600,5580.0,-10.0
POM,09:27:50,Sell Down,1000,5590.0,0.0
POM,09:27:50,Sell Down,300,5590.0,-10.0
POM,09:27:50,Sell Down,1000,5600.0,0.0
POM,09:27:50,Sell Down,5100,5600.0,0.0
POM,09:27:46,Sell Down,100,5600.0,0.0
POM,09:27:40,Buy Up,100,5600.0,0.0
POM,09:27:40,Buy Up,500,5600.0,0.0
POM,09:27:40,Buy Up,2000,5600.0,0.0
POM,09:27:40,Buy Up,800,5600.0,0.0
POM,09:27:40,Buy Up,1000,5600.0,0.0
POM,09:27:40,Buy Up,400,5600.0,0.0
POM,09:27:40,Buy Up,100,5600.0,0.0
POM,09:27:40,Buy Up,4900,5600.0,0.0
POM,09:27:33,Buy Up,5000,5600.0,20.0
POM,09:27:32,Sell Down,1200,5580.0,-20.0
POM,09:27:24,Buy Up,2000,5600.0,20.0
POM,09:27:15,Sell Down,4900,5580.0,0.0
POM,09:27:15,Sell Down,100,5580.0,-20.0
POM,09:27:11,Buy Up,10000,5600.0,0.0
POM,09:27:11,Buy Up,200,5600.0,0.0
POM,09:27:09,Buy Up,1000,5600.0,0.0
POM,09:26:57,Buy Up,19700,5600.0,20.0
POM,09:26:57,Buy Up,300,5580.0,0.0
POM,09:26:53,Buy Up,700,5580.0,0.0
POM,09:26:53,Buy Up,300,5580.0,0.0
POM,09:26:50,Buy Up,200,5580.0,0.0
POM,09:26:50,Buy Up,800,5580.0,10.0
POM,09:26:42,Buy Up,500,5570.0,10.0
POM,09:26:40,Sell Down,5000,5560.0,0.0
POM,09:26:40,Sell Down,400,5560.0,0.0
POM,09:26:35,Sell Down,1000,5560.0,0.0
POM,09:26:32,Sell Down,200,5560.0,0.0
POM,09:26:28,Sell Down,1000,5560.0,0.0
POM,09:26:28,Buy Up,2000,5560.0,0.0
POM,09:26:27,Buy Up,20900,5560.0,10.0
POM,09:26:16,Sell Down,100,5550.0,0.0
POM,09:26:16,Sell Down,1900,5550.0,0.0
POM,09:26:11,Sell Down,2000,5550.0,0.0
POM,09:26:06,Sell Down,500,5550.0,0.0
POM,09:25:55,Sell Down,4000,5550.0,0.0
POM,09:25:54,Sell Down,500,5550.0,-10.0
POM,09:25:47,Buy Up,500,5560.0,0.0
POM,09:25:47,Sell Down,6400,5560.0,0.0
POM,09:25:36,Sell Down,600,5560.0,50.0
POM,09:25:32,Sell Down,4700,5510.0,-50.0
POM,09:25:32,Sell Down,2000,5560.0,0.0
POM,09:25:31,Sell Down,3000,5560.0,50.0
POM,09:25:26,Sell Down,6600,5510.0,0.0
POM,09:25:26,Sell Down,100,5510.0,0.0
POM,09:25:26,Sell Down,100,5510.0,0.0
POM,09:25:26,Sell Down,1700,5510.0,-10.0
POM,09:25:26,Buy Up,1000,5520.0,-20.0
POM,09:25:26,Buy Up,4100,5540.0,-10.0
POM,09:25:26,Buy Up,10000,5550.0,0.0
POM,09:25:26,Buy Up,900,5550.0,0.0
POM,09:25:26,Buy Up,5000,5550.0,0.0
POM,09:25:26,Buy Up,500,5550.0,-10.0
POM,09:25:26,Buy Up,800,5560.0,0.0
POM,09:25:26,Buy Up,700,5560.0,0.0
POM,09:25:26,Buy Up,5000,5560.0,0.0
POM,09:25:26,Sell Down,2700,5560.0,0.0
POM,09:25:26,Sell Down,500,5560.0,0.0
POM,09:25:26,Sell Down,300,5560.0,0.0
POM,09:25:20,Sell Down,2700,5560.0,0.0
POM,09:25:20,Sell Down,500,5560.0,0.0
POM,09:25:20,Sell Down,1800,5560.0,0.0
POM,09:25:05,Sell Down,100,5560.0,0.0
POM,09:24:59,Sell Down,2600,5560.0,-10.0
POM,09:24:59,Buy Up,1300,5570.0,0.0
POM,09:24:59,Buy Up,100,5570.0,0.0
POM,09:24:59,Buy Up,1000,5570.0,-30.0
POM,09:24:51,Sell Down,100,5600.0,0.0
POM,09:24:51,Sell Down,1300,5600.0,0.0
POM,09:24:51,Sell Down,1000,5600.0,0.0
POM,09:24:51,Sell Down,1000,5600.0,0.0
POM,09:24:51,Sell Down,8500,5600.0,0.0
POM,09:24:51,Sell Down,5000,5600.0,0.0
POM,09:24:51,Sell Down,200,5600.0,0.0
POM,09:24:51,Sell Down,10000,5600.0,0.0
POM,09:24:51,Sell Down,3000,5600.0,0.0
POM,09:24:51,Sell Down,10000,5600.0,0.0
POM,09:24:51,Sell Down,1000,5600.0,-10.0
POM,09:24:49,Buy Up,100,5610.0,0.0
POM,09:24:48,Buy Up,1000,5610.0,0.0
POM,09:24:44,Buy Up,200,5610.0,0.0
POM,09:24:41,Sell Down,1000,5610.0,-10.0
POM,09:24:36,Buy Up,100,5620.0,0.0
POM,09:24:26,Sell Down,1900,5620.0,0.0
POM,09:24:26,Sell Down,100,5620.0,-10.0
POM,09:24:26,Sell Down,500,5630.0,0.0
POM,09:24:26,Sell Down,500,5630.0,-20.0
POM,09:24:25,Buy Up,1000,5650.0,0.0
POM,09:24:19,Sell Down,500,5650.0,-20.0
POM,09:24:09,Buy Up,500,5670.0,20.0
POM,09:24:09,Sell Down,200,5650.0,-20.0
POM,09:23:54,Buy Up,2300,5670.0,0.0
POM,09:23:52,Sell Down,100,5670.0,-20.0
POM,09:23:52,Buy Up,200,5690.0,0.0
POM,09:23:52,Buy Up,1200,5690.0,10.0
POM,09:23:52,Buy Up,200,5680.0,0.0
POM,09:23:52,Buy Up,6400,5680.0,10.0
POM,09:23:40,Sell Down,100,5670.0,-10.0
POM,09:23:34,Buy Up,1000,5680.0,0.0
POM,09:23:34,Buy Up,1000,5680.0,0.0
POM,09:23:31,Buy Up,3900,5680.0,0.0
POM,09:23:31,Buy Up,300,5680.0,0.0
POM,09:23:31,Buy Up,2000,5680.0,0.0
POM,09:23:31,Buy Up,300,5680.0,0.0
POM,09:23:30,Buy Up,1000,5680.0,0.0
POM,09:23:13,Sell Down,300,5680.0,0.0
POM,09:23:13,Sell Down,400,5680.0,0.0
POM,09:23:07,Sell Down,500,5680.0,0.0
POM,09:23:04,Sell Down,100,5680.0,0.0
POM,09:23:04,Sell Down,500,5680.0,0.0
POM,09:23:04,Sell Down,300,5680.0,0.0
POM,09:23:04,Sell Down,300,5680.0,0.0
POM,09:22:55,Sell Down,200,5680.0,-10.0
POM,09:22:55,Buy Up,1800,5690.0,0.0
POM,09:22:55,Buy Up,100,5690.0,0.0
POM,09:22:55,Buy Up,100,5690.0,0.0
POM,09:22:42,Buy Up,4900,5690.0,0.0
POM,09:22:42,Buy Up,100,5690.0,-10.0
POM,09:22:30,Buy Up,200,5700.0,20.0
POM,09:22:20,Sell Down,600,5680.0,-20.0
POM,09:22:11,Buy Up,10000,5700.0,20.0
POM,09:22:08,Sell Down,500,5680.0,-20.0
POM,09:22:02,Buy Up,1000,5700.0,0.0
POM,09:21:48,Buy Up,600,5700.0,20.0
POM,09:21:45,Sell Down,200,5680.0,0.0
POM,09:21:44,Sell Down,200,5680.0,0.0
POM,09:21:42,Sell Down,300,5680.0,0.0
POM,09:21:37,Sell Down,200,5680.0,0.0
POM,09:21:29,Sell Down,300,5680.0,0.0
POM,09:21:29,Sell Down,100,5680.0,-20.0
POM,09:21:17,Buy Up,10000,5700.0,0.0
POM,09:21:12,Buy Up,4800,5700.0,10.0
POM,09:21:12,Buy Up,200,5690.0,-10.0
POM,09:21:05,Buy Up,1000,5700.0,0.0
POM,09:21:04,Buy Up,3000,5700.0,0.0
POM,09:20:55,Sell Down,1500,5700.0,0.0
POM,09:20:55,Sell Down,1000,5700.0,0.0
POM,09:20:55,Sell Down,1000,5700.0,0.0
POM,09:20:55,Sell Down,2000,5700.0,0.0
POM,09:20:55,Sell Down,3000,5700.0,0.0
POM,09:20:55,Sell Down,2000,5700.0,0.0
POM,09:20:55,Sell Down,700,5700.0,0.0
POM,09:20:54,Sell Down,300,5700.0,0.0
POM,09:20:53,Sell Down,2000,5700.0,0.0
POM,09:20:51,Sell Down,1000,5700.0,0.0
POM,09:20:50,Sell Down,100,5700.0,0.0
POM,09:20:40,Sell Down,900,5700.0,0.0
POM,09:20:40,Sell Down,3400,5700.0,0.0
POM,09:20:31,Sell Down,100,5700.0,0.0
POM,09:20:31,Sell Down,400,5700.0,0.0
POM,09:20:18,Sell Down,2100,5700.0,-10.0
POM,09:20:10,Sell Down,400,5710.0,-10.0
POM,09:20:07,Buy Up,10000,5720.0,10.0
POM,09:20:06,Sell Down,200,5710.0,0.0
POM,09:20:05,Buy Up,800,5710.0,0.0
POM,09:20:05,Buy Up,200,5710.0,10.0
POM,09:20:00,Sell Down,500,5700.0,0.0
POM,09:20:00,Sell Down,100,5700.0,0.0
POM,09:20:00,Sell Down,800,5700.0,-10.0
POM,09:20:00,Sell Down,2000,5710.0,0.0
POM,09:20:00,Sell Down,2500,5710.0,0.0
POM,09:19:55,Sell Down,100,5710.0,0.0
POM,09:19:53,Sell Down,400,5710.0,10.0
POM,09:19:47,Sell Down,2200,5700.0,0.0
POM,09:19:47,Sell Down,7000,5700.0,0.0
POM,09:19:47,Sell Down,10800,5700.0,0.0
POM,09:19:46,Sell Down,2000,5700.0,0.0
POM,09:19:46,Sell Down,2200,5700.0,0.0
POM,09:19:46,Sell Down,500,5700.0,0.0
POM,09:19:46,Sell Down,1900,5700.0,-10.0
POM,09:19:46,Buy Up,400,5710.0,0.0
POM,09:19:40,Sell Down,600,5710.0,0.0
POM,09:19:40,Sell Down,100,5710.0,0.0
POM,09:19:40,Sell Down,400,5710.0,-10.0
POM,09:19:39,Buy Up,4200,5720.0,0.0
POM,09:19:39,Buy Up,500,5720.0,0.0
POM,09:19:39,Buy Up,200,5720.0,0.0
POM,09:19:39,Buy Up,5100,5720.0,10.0
POM,09:19:35,Sell Down,300,5710.0,0.0
POM,09:19:33,Sell Down,1800,5710.0,0.0
POM,09:19:33,Sell Down,1000,5710.0,0.0
POM,09:19:33,Sell Down,2200,5710.0,-10.0
POM,09:19:29,Buy Up,1000,5720.0,10.0
POM,09:19:27,Sell Down,3300,5710.0,-10.0
POM,09:19:25,Buy Up,3000,5720.0,10.0
POM,09:19:20,Sell Down,1500,5710.0,0.0
POM,09:19:18,Sell Down,1000,5710.0,0.0
POM,09:19:16,Sell Down,3000,5710.0,0.0
POM,09:19:15,Buy Up,2000,5710.0,-10.0
POM,09:19:11,Buy Up,3900,5720.0,0.0
POM,09:19:11,Buy Up,9300,5720.0,10.0
POM,09:19:11,Buy Up,1000,5710.0,0.0
POM,09:19:11,Buy Up,5000,5710.0,0.0
POM,09:19:11,Buy Up,500,5710.0,0.0
POM,09:19:11,Buy Up,1000,5710.0,0.0
POM,09:19:11,Buy Up,7300,5710.0,0.0
POM,09:19:11,Buy Up,22000,5710.0,0.0
POM,09:19:00,Sell Down,10000,5710.0,0.0
POM,09:19:00,Sell Down,2300,5710.0,0.0
POM,09:19:00,Sell Down,3500,5710.0,0.0
POM,09:18:58,Sell Down,4500,5710.0,0.0
POM,09:18:56,Sell Down,2000,5710.0,0.0
POM,09:18:56,Sell Down,3000,5710.0,0.0
POM,09:18:51,Sell Down,3000,5710.0,0.0
POM,09:18:46,Sell Down,2000,5710.0,-10.0
POM,09:18:46,Buy Up,600,5720.0,10.0
POM,09:18:45,Sell Down,200,5710.0,-10.0
POM,09:18:30,Buy Up,21100,5720.0,0.0
POM,09:18:30,Buy Up,1000,5720.0,0.0
POM,09:18:30,Buy Up,2000,5720.0,0.0
POM,09:18:30,Buy Up,2000,5720.0,0.0
POM,09:18:30,Buy Up,100,5720.0,0.0
POM,09:18:30,Buy Up,3800,5720.0,0.0
POM,09:18:19,Buy Up,200,5720.0,10.0
POM,09:18:19,Sell Down,100,5710.0,0.0
POM,09:18:17,Sell Down,900,5710.0,-10.0
POM,09:18:17,Buy Up,5000,5720.0,0.0
POM,09:18:15,Buy Up,1000,5720.0,0.0
POM,09:18:15,Buy Up,1000,5720.0,0.0
POM,09:18:15,Buy Up,100,5720.0,0.0
POM,09:18:15,Buy Up,500,5720.0,0.0
POM,09:18:15,Buy Up,900,5720.0,0.0
POM,09:18:15,Buy Up,2000,5720.0,0.0
POM,09:18:15,Buy Up,500,5720.0,0.0
POM,09:18:15,Buy Up,700,5720.0,0.0
POM,09:18:15,Buy Up,2000,5720.0,0.0
POM,09:18:15,Buy Up,1000,5720.0,0.0
POM,09:18:15,Buy Up,300,5720.0,10.0
POM,09:18:14,Sell Down,4000,5710.0,0.0
POM,09:18:12,Sell Down,500,5710.0,0.0
POM,09:18:11,Buy Up,300,5710.0,10.0
POM,09:18:06,Sell Down,500,5700.0,-10.0
POM,09:18:06,Sell Down,3400,5710.0,0.0
POM,09:18:06,Sell Down,2400,5710.0,0.0
POM,09:18:06,Sell Down,12300,5710.0,0.0
POM,09:18:06,Sell Down,2800,5710.0,0.0
POM,09:18:06,Sell Down,2500,5710.0,-10.0
POM,09:18:01,Buy Up,100,5720.0,0.0
POM,09:17:58,Buy Up,1500,5720.0,0.0
POM,09:17:58,Buy Up,7100,5720.0,0.0
POM,09:17:55,Buy Up,200,5720.0,0.0
POM,09:17:55,Buy Up,1000,5720.0,0.0
POM,09:17:55,Buy Up,1000,5720.0,0.0
POM,09:17:55,Buy Up,400,5720.0,0.0
POM,09:17:55,Buy Up,100,5720.0,0.0
POM,09:17:55,Buy Up,500,5720.0,0.0
POM,09:17:55,Buy Up,5000,5720.0,0.0
POM,09:17:55,Buy Up,5500,5720.0,0.0
POM,09:17:52,Buy Up,500,5720.0,0.0
POM,09:17:52,Buy Up,2000,5720.0,0.0
POM,09:17:52,Buy Up,300,5720.0,0.0
POM,09:17:52,Buy Up,200,5720.0,0.0
POM,09:17:52,Buy Up,2000,5720.0,0.0
POM,09:17:52,Buy Up,1000,5720.0,0.0
POM,09:17:52,Buy Up,2200,5720.0,0.0
POM,09:17:52,Buy Up,200,5720.0,0.0
POM,09:17:52,Buy Up,100,5720.0,0.0
POM,09:17:52,Buy Up,1500,5720.0,10.0
POM,09:17:51,Sell Down,600,5710.0,0.0
POM,09:17:51,Sell Down,400,5710.0,-10.0
POM,09:17:49,Buy Up,1300,5720.0,0.0
POM,09:17:49,Buy Up,500,5720.0,0.0
POM,09:17:49,Buy Up,3200,5720.0,0.0
