ticker,time,orderType,volume,price,prevPriceChange
POW,10:25:56,Sell Down,200.0,11400.0,0.0
POW,10:25:53,Sell Down,500.0,11400.0,0.0
POW,10:25:46,Sell Down,100.0,11400.0,0.0
POW,10:25:40,Sell Down,1000.0,11400.0,0.0
POW,10:25:31,Sell Down,100.0,11400.0,0.0
POW,10:25:27,Sell Down,800.0,11400.0,0.0
POW,10:25:11,Sell Down,1200.0,11400.0,0.0
POW,10:25:10,Sell Down,2900.0,11400.0,0.0
POW,10:24:18,Sell Down,100.0,11400.0,-50.0
POW,10:23:59,Buy Up,400.0,11450.0,50.0
POW,10:23:49,Sell Down,200.0,11400.0,0.0
POW,10:22:51,Sell Down,3000.0,11400.0,0.0
POW,10:22:50,Sell Down,2000.0,11400.0,0.0
POW,10:21:48,Sell Down,500.0,11400.0,-50.0
POW,10:21:39,Buy Up,400.0,11450.0,50.0
POW,10:21:30,Sell Down,100.0,11400.0,0.0
POW,10:20:50,Sell Down,800.0,11400.0,0.0
POW,10:20:44,Sell Down,500.0,11400.0,0.0
POW,10:20:03,Sell Down,200.0,11400.0,0.0
POW,10:20:03,Sell Down,800.0,11400.0,0.0
POW,10:19:47,Sell Down,300.0,11400.0,0.0
POW,10:19:36,Sell Down,700.0,11400.0,0.0
POW,10:19:36,Sell Down,300.0,11400.0,0.0
POW,10:19:34,Sell Down,100.0,11400.0,0.0
POW,10:19:34,Sell Down,300.0,11400.0,0.0
POW,10:18:59,Sell Down,200.0,11400.0,0.0
POW,10:18:59,Sell Down,2300.0,11400.0,0.0
POW,10:17:17,Sell Down,100.0,11400.0,0.0
POW,10:17:13,Sell Down,100.0,11400.0,0.0
POW,10:16:45,Sell Down,1000.0,11400.0,-50.0
POW,10:16:41,Buy Up,200.0,11450.0,50.0
POW,10:16:01,Sell Down,2000.0,11400.0,-50.0
POW,10:15:53,Buy Up,800.0,11450.0,50.0
POW,10:15:36,Sell Down,2000.0,11400.0,0.0
POW,10:13:44,Sell Down,200.0,11400.0,-50.0
POW,10:13:24,Buy Up,100.0,11450.0,50.0
POW,10:13:19,Sell Down,200.0,11400.0,-50.0
POW,10:12:02,Buy Up,100.0,11450.0,50.0
POW,10:11:31,Sell Down,1500.0,11400.0,-50.0
POW,10:11:03,Buy Up,200.0,11450.0,50.0
POW,10:10:47,Sell Down,4000.0,11400.0,0.0
POW,10:10:03,Sell Down,100.0,11400.0,-50.0
POW,10:09:19,Buy Up,100.0,11450.0,50.0
POW,10:08:51,Sell Down,1000.0,11400.0,0.0
POW,10:08:50,Sell Down,500.0,11400.0,0.0
POW,10:08:46,Sell Down,2000.0,11400.0,0.0
POW,10:08:23,Sell Down,3700.0,11400.0,0.0
POW,10:08:23,Sell Down,3000.0,11400.0,0.0
POW,10:08:23,Sell Down,200.0,11400.0,0.0
POW,10:08:23,Sell Down,400.0,11400.0,0.0
POW,10:08:23,Sell Down,2000.0,11400.0,0.0
POW,10:08:23,Sell Down,400.0,11400.0,0.0
POW,10:08:23,Sell Down,200.0,11400.0,0.0
POW,10:08:23,Sell Down,100.0,11400.0,0.0
POW,10:08:08,Sell Down,2500.0,11400.0,-50.0
POW,10:07:25,Buy Up,500.0,11450.0,0.0
POW,10:07:13,Buy Up,900.0,11450.0,50.0
POW,10:06:54,Sell Down,5900.0,11400.0,0.0
POW,10:06:54,Sell Down,4100.0,11400.0,0.0
POW,10:06:53,Sell Down,100.0,11400.0,0.0
POW,10:06:40,Sell Down,100.0,11400.0,0.0
POW,10:06:35,Sell Down,5700.0,11400.0,0.0
POW,10:06:35,Sell Down,1000.0,11400.0,0.0
POW,10:06:35,Sell Down,700.0,11400.0,0.0
POW,10:06:35,Sell Down,10000.0,11400.0,0.0
POW,10:06:35,Sell Down,2600.0,11400.0,0.0
POW,10:06:26,Sell Down,6500.0,11400.0,0.0
POW,10:06:14,Sell Down,2000.0,11400.0,0.0
POW,10:05:30,Sell Down,500.0,11400.0,0.0
POW,10:05:07,Sell Down,500.0,11400.0,0.0
POW,10:04:17,Sell Down,700.0,11400.0,0.0
POW,10:03:37,Sell Down,200.0,11400.0,0.0
POW,10:03:06,Sell Down,1000.0,11400.0,0.0
POW,10:03:00,Sell Down,1000.0,11400.0,0.0
POW,10:02:47,Sell Down,400.0,11400.0,0.0
POW,10:02:46,Sell Down,10000.0,11400.0,0.0
POW,10:02:46,Sell Down,200.0,11400.0,0.0
POW,10:02:42,Sell Down,400.0,11400.0,0.0
POW,10:02:37,Sell Down,400.0,11400.0,0.0
POW,10:02:33,Sell Down,400.0,11400.0,0.0
POW,10:02:29,Sell Down,15000.0,11400.0,0.0
POW,10:02:26,Sell Down,400.0,11400.0,0.0
POW,10:02:22,Sell Down,400.0,11400.0,0.0
POW,10:02:17,Sell Down,5000.0,11400.0,0.0
POW,10:01:09,Sell Down,400.0,11400.0,0.0
POW,10:01:04,Sell Down,400.0,11400.0,-50.0
POW,10:00:56,Buy Up,100.0,11450.0,50.0
POW,10:00:51,Sell Down,100.0,11400.0,0.0
POW,10:00:16,Sell Down,200.0,11400.0,0.0
POW,10:00:02,Sell Down,500.0,11400.0,0.0
POW,09:59:56,Sell Down,500.0,11400.0,0.0
POW,09:59:44,Sell Down,400.0,11400.0,0.0
POW,09:59:08,Sell Down,400.0,11400.0,-50.0
POW,09:58:23,Buy Up,100.0,11450.0,50.0
POW,09:57:55,Sell Down,1500.0,11400.0,0.0
POW,09:57:50,Sell Down,8000.0,11400.0,0.0
POW,09:57:35,Sell Down,400.0,11400.0,0.0
POW,09:57:29,Sell Down,400.0,11400.0,-50.0
POW,09:57:27,Buy Up,3000.0,11450.0,50.0
POW,09:57:27,Sell Down,500.0,11400.0,0.0
POW,09:57:26,Sell Down,6000.0,11400.0,0.0
POW,09:57:23,Sell Down,400.0,11400.0,0.0
POW,09:57:20,Sell Down,5000.0,11400.0,0.0
POW,09:57:17,Sell Down,400.0,11400.0,0.0
POW,09:57:16,Sell Down,25000.0,11400.0,0.0
POW,09:57:14,Sell Down,400.0,11400.0,0.0
POW,09:57:07,Sell Down,400.0,11400.0,0.0
POW,09:57:06,Sell Down,100.0,11400.0,0.0
POW,09:57:04,Sell Down,400.0,11400.0,0.0
POW,09:56:58,Sell Down,400.0,11400.0,0.0
POW,09:56:57,Sell Down,200.0,11400.0,0.0
POW,09:56:53,Sell Down,400.0,11400.0,0.0
POW,09:56:46,Sell Down,400.0,11400.0,0.0
POW,09:56:43,Sell Down,400.0,11400.0,0.0
POW,09:56:42,Sell Down,1000.0,11400.0,0.0
POW,09:56:39,Sell Down,20000.0,11400.0,0.0
POW,09:56:37,Sell Down,1000.0,11400.0,-50.0
POW,09:56:37,Buy Up,100.0,11450.0,50.0
POW,09:56:35,Sell Down,400.0,11400.0,0.0
POW,09:56:33,Sell Down,400.0,11400.0,0.0
POW,09:56:27,Sell Down,400.0,11400.0,0.0
POW,09:56:26,Sell Down,100.0,11400.0,0.0
POW,09:56:22,Sell Down,400.0,11400.0,0.0
POW,09:56:19,Sell Down,100.0,11400.0,0.0
POW,09:56:16,Sell Down,400.0,11400.0,0.0
POW,09:56:12,Sell Down,200.0,11400.0,0.0
POW,09:56:11,Sell Down,100.0,11400.0,-50.0
POW,09:55:58,Buy Up,1000.0,11450.0,50.0
POW,09:55:50,Sell Down,1000.0,11400.0,0.0
POW,09:55:50,Sell Down,1000.0,11400.0,0.0
POW,09:55:50,Sell Down,1000.0,11400.0,0.0
POW,09:55:50,Sell Down,1000.0,11400.0,0.0
POW,09:55:50,Sell Down,200.0,11400.0,0.0
POW,09:55:50,Sell Down,500.0,11400.0,0.0
POW,09:55:50,Sell Down,100.0,11400.0,0.0
POW,09:55:50,Sell Down,300.0,11400.0,0.0
POW,09:55:50,Sell Down,100.0,11400.0,0.0
POW,09:55:50,Sell Down,200.0,11400.0,0.0
POW,09:55:50,Sell Down,600.0,11400.0,0.0
POW,09:55:41,Sell Down,200.0,11400.0,0.0
POW,09:55:37,Sell Down,5000.0,11400.0,0.0
POW,09:55:27,Sell Down,400.0,11400.0,0.0
POW,09:55:03,Sell Down,100.0,11400.0,-50.0
POW,09:55:01,Buy Up,1000.0,11450.0,50.0
POW,09:54:55,Sell Down,500.0,11400.0,0.0
POW,09:53:54,Sell Down,200.0,11400.0,0.0
POW,09:53:42,Sell Down,3000.0,11400.0,0.0
POW,09:53:16,Sell Down,200.0,11400.0,-50.0
POW,09:52:46,Buy Up,500.0,11450.0,50.0
POW,09:52:38,Sell Down,600.0,11400.0,0.0
POW,09:52:24,Sell Down,500.0,11400.0,0.0
POW,09:52:07,Sell Down,2000.0,11400.0,0.0
POW,09:51:51,Sell Down,1100.0,11400.0,0.0
POW,09:51:39,Sell Down,2600.0,11400.0,0.0
POW,09:51:22,Sell Down,100.0,11400.0,0.0
POW,09:51:17,Sell Down,1000.0,11400.0,0.0
POW,09:51:14,Sell Down,800.0,11400.0,0.0
POW,09:50:35,Sell Down,400.0,11400.0,0.0
POW,09:50:33,Sell Down,400.0,11400.0,0.0
POW,09:50:32,Sell Down,300.0,11400.0,0.0
POW,09:50:32,Sell Down,600.0,11400.0,0.0
POW,09:50:32,Sell Down,700.0,11400.0,0.0
POW,09:50:30,Sell Down,1000.0,11400.0,0.0
POW,09:50:28,Sell Down,400.0,11400.0,0.0
POW,09:50:25,Sell Down,1300.0,11400.0,0.0
POW,09:50:25,Sell Down,1000.0,11400.0,0.0
POW,09:50:25,Sell Down,200.0,11400.0,0.0
POW,09:50:25,Sell Down,400.0,11400.0,0.0
POW,09:50:18,Sell Down,400.0,11400.0,0.0
POW,09:50:17,Sell Down,100.0,11400.0,0.0
POW,09:50:13,Sell Down,400.0,11400.0,0.0
POW,09:50:09,Sell Down,400.0,11400.0,0.0
POW,09:50:03,Sell Down,400.0,11400.0,0.0
POW,09:49:57,Sell Down,400.0,11400.0,0.0
POW,09:49:53,Sell Down,400.0,11400.0,0.0
POW,09:49:48,Sell Down,400.0,11400.0,0.0
POW,09:49:44,Sell Down,1500.0,11400.0,0.0
POW,09:49:44,Sell Down,200.0,11400.0,0.0
POW,09:49:44,Sell Down,300.0,11400.0,0.0
POW,09:49:41,Sell Down,400.0,11400.0,0.0
POW,09:49:36,Sell Down,400.0,11400.0,0.0
POW,09:49:31,Sell Down,400.0,11400.0,0.0
POW,09:49:26,Sell Down,400.0,11400.0,0.0
POW,09:49:20,Sell Down,400.0,11400.0,0.0
POW,09:49:14,Sell Down,400.0,11400.0,0.0
POW,09:49:10,Sell Down,400.0,11400.0,0.0
POW,09:49:05,Sell Down,400.0,11400.0,0.0
POW,09:48:59,Sell Down,400.0,11400.0,0.0
POW,09:48:56,Sell Down,400.0,11400.0,0.0
POW,09:48:49,Sell Down,400.0,11400.0,0.0
POW,09:48:45,Sell Down,400.0,11400.0,0.0
POW,09:48:41,Sell Down,1000.0,11400.0,0.0
POW,09:48:40,Sell Down,400.0,11400.0,0.0
POW,09:48:35,Sell Down,400.0,11400.0,0.0
POW,09:48:28,Sell Down,100.0,11400.0,0.0
POW,09:48:28,Sell Down,200.0,11400.0,0.0
POW,09:48:28,Sell Down,200.0,11400.0,0.0
POW,09:48:24,Sell Down,200.0,11400.0,0.0
POW,09:48:24,Sell Down,200.0,11400.0,0.0
POW,09:48:19,Sell Down,400.0,11400.0,0.0
POW,09:48:13,Sell Down,400.0,11400.0,0.0
POW,09:48:07,Sell Down,400.0,11400.0,0.0
POW,09:48:02,Sell Down,400.0,11400.0,0.0
POW,09:47:57,Sell Down,400.0,11400.0,0.0
POW,09:47:53,Sell Down,400.0,11400.0,0.0
POW,09:47:46,Sell Down,400.0,11400.0,0.0
POW,09:47:41,Sell Down,400.0,11400.0,0.0
POW,09:47:24,Sell Down,100.0,11400.0,0.0
POW,09:47:17,Sell Down,2600.0,11400.0,0.0
POW,09:47:08,Sell Down,1000.0,11400.0,0.0
POW,09:46:58,Sell Down,500.0,11400.0,0.0
POW,09:46:27,Sell Down,2400.0,11400.0,0.0
POW,09:46:27,Sell Down,2500.0,11400.0,0.0
POW,09:46:27,Sell Down,1000.0,11400.0,0.0
POW,09:46:27,Sell Down,100.0,11400.0,0.0
POW,09:46:27,Sell Down,2000.0,11400.0,0.0
POW,09:46:27,Sell Down,2000.0,11400.0,0.0
POW,09:46:22,Sell Down,4000.0,11400.0,0.0
POW,09:46:08,Sell Down,2600.0,11400.0,0.0
POW,09:45:32,Sell Down,2400.0,11400.0,0.0
POW,09:45:02,Sell Down,10000.0,11400.0,0.0
POW,09:44:38,Sell Down,100.0,11400.0,0.0
POW,09:44:32,Buy Up,100.0,11400.0,0.0
POW,09:44:32,Buy Up,3000.0,11400.0,0.0
POW,09:44:32,Buy Up,1600.0,11400.0,0.0
POW,09:44:32,Buy Up,4800.0,11400.0,0.0
POW,09:44:12,Buy Up,600.0,11400.0,0.0
POW,09:44:04,Buy Up,300.0,11400.0,0.0
POW,09:44:04,Buy Up,500.0,11400.0,0.0
POW,09:43:55,Buy Up,500.0,11400.0,0.0
POW,09:43:55,Buy Up,500.0,11400.0,0.0
POW,09:43:37,Buy Up,200.0,11400.0,0.0
POW,09:43:30,Buy Up,5000.0,11400.0,0.0
POW,09:43:23,Buy Up,400.0,11400.0,0.0
POW,09:43:22,Buy Up,200.0,11400.0,0.0
POW,09:42:56,Buy Up,1000.0,11400.0,0.0
POW,09:42:54,Buy Up,1000.0,11400.0,0.0
POW,09:42:43,Sell Down,3200.0,11400.0,0.0
POW,09:42:43,Sell Down,200.0,11400.0,0.0
POW,09:42:43,Sell Down,1600.0,11400.0,0.0
POW,09:42:37,Sell Down,200.0,11400.0,0.0
POW,09:42:16,Sell Down,100.0,11400.0,0.0
POW,09:42:05,Sell Down,100.0,11400.0,0.0
POW,09:42:04,Sell Down,200.0,11400.0,0.0
POW,09:42:04,Sell Down,2000.0,11400.0,0.0
POW,09:42:04,Sell Down,800.0,11400.0,0.0
POW,09:41:50,Sell Down,500.0,11400.0,0.0
POW,09:41:40,Sell Down,400.0,11400.0,0.0
POW,09:41:32,Sell Down,200.0,11400.0,0.0
POW,09:40:46,Sell Down,3100.0,11400.0,0.0
POW,09:40:46,Sell Down,1000.0,11400.0,0.0
POW,09:40:46,Sell Down,5200.0,11400.0,0.0
POW,09:40:46,Sell Down,700.0,11400.0,0.0
POW,09:40:35,Sell Down,2300.0,11400.0,0.0
POW,09:40:34,Sell Down,2000.0,11400.0,0.0
POW,09:39:32,Buy Up,600.0,11400.0,0.0
POW,09:39:26,Buy Up,10000.0,11400.0,0.0
POW,09:39:19,Buy Up,7100.0,11400.0,0.0
POW,09:39:19,Buy Up,400.0,11400.0,0.0
POW,09:39:19,Buy Up,100.0,11400.0,0.0
POW,09:39:19,Buy Up,500.0,11400.0,0.0
POW,09:39:19,Buy Up,11900.0,11400.0,0.0
POW,09:39:19,Buy Up,1600.0,11400.0,0.0
POW,09:39:16,Buy Up,4100.0,11400.0,0.0
POW,09:38:05,Buy Up,1700.0,11400.0,0.0
POW,09:38:04,Buy Up,2600.0,11400.0,0.0
POW,09:37:59,Buy Up,100.0,11400.0,0.0
POW,09:37:48,Buy Up,100.0,11400.0,0.0
POW,09:37:22,Buy Up,100.0,11400.0,0.0
POW,09:36:57,Buy Up,100.0,11400.0,0.0
POW,09:36:46,Sell Down,1000.0,11400.0,0.0
POW,09:36:46,Sell Down,700.0,11400.0,0.0
POW,09:36:40,Sell Down,100.0,11400.0,0.0
POW,09:36:17,Sell Down,200.0,11400.0,0.0
POW,09:36:17,Sell Down,100.0,11400.0,0.0
POW,09:36:17,Sell Down,7700.0,11400.0,0.0
POW,09:36:07,Sell Down,2300.0,11400.0,0.0
POW,09:36:07,Sell Down,4000.0,11400.0,0.0
POW,09:36:07,Sell Down,1000.0,11400.0,0.0
POW,09:36:07,Sell Down,10000.0,11400.0,0.0
POW,09:36:07,Sell Down,2700.0,11400.0,0.0
POW,09:36:06,Sell Down,500.0,11400.0,-50.0
POW,09:35:59,Buy Up,1200.0,11450.0,50.0
POW,09:35:43,Sell Down,100.0,11400.0,0.0
POW,09:35:29,Sell Down,1000.0,11400.0,0.0
POW,09:35:15,Sell Down,700.0,11400.0,0.0
POW,09:35:15,Sell Down,1000.0,11400.0,0.0
POW,09:35:15,Sell Down,500.0,11400.0,0.0
POW,09:35:15,Sell Down,800.0,11400.0,0.0
POW,09:35:09,Sell Down,200.0,11400.0,0.0
POW,09:35:09,Sell Down,800.0,11400.0,0.0
POW,09:34:49,Sell Down,300.0,11400.0,0.0
POW,09:34:39,Sell Down,300.0,11400.0,0.0
POW,09:34:25,Sell Down,3000.0,11400.0,0.0
POW,09:34:23,Sell Down,20000.0,11400.0,0.0
POW,09:34:14,Sell Down,2000.0,11400.0,0.0
POW,09:34:10,Sell Down,4500.0,11400.0,0.0
POW,09:33:56,Buy Up,1500.0,11400.0,0.0
POW,09:33:56,Buy Up,500.0,11400.0,0.0
POW,09:33:56,Buy Up,1000.0,11400.0,0.0
POW,09:33:56,Buy Up,500.0,11400.0,0.0
POW,09:33:56,Buy Up,2000.0,11400.0,0.0
POW,09:33:56,Buy Up,100.0,11400.0,0.0
POW,09:33:56,Buy Up,100.0,11400.0,0.0
POW,09:33:56,Buy Up,2000.0,11400.0,0.0
POW,09:33:56,Buy Up,1000.0,11400.0,0.0
POW,09:33:56,Buy Up,400.0,11400.0,0.0
POW,09:33:31,Buy Up,2000.0,11400.0,0.0
POW,09:33:28,Buy Up,3500.0,11400.0,0.0
POW,09:33:28,Buy Up,27000.0,11400.0,0.0
POW,09:33:27,Buy Up,500.0,11400.0,0.0
POW,09:33:19,Buy Up,2500.0,11400.0,0.0
POW,09:33:19,Buy Up,2000.0,11400.0,0.0
POW,09:33:19,Buy Up,500.0,11400.0,0.0
POW,09:33:16,Buy Up,3000.0,11400.0,0.0
POW,09:32:44,Buy Up,1500.0,11400.0,0.0
POW,09:32:44,Buy Up,8500.0,11400.0,0.0
POW,09:32:34,Buy Up,100.0,11400.0,0.0
POW,09:32:33,Buy Up,1400.0,11400.0,0.0
POW,09:32:33,Buy Up,1400.0,11400.0,0.0
POW,09:31:57,Sell Down,600.0,11400.0,0.0
POW,09:31:54,Sell Down,1400.0,11400.0,0.0
POW,09:31:54,Sell Down,2100.0,11400.0,0.0
POW,09:31:53,Sell Down,8900.0,11400.0,0.0
POW,09:31:53,Sell Down,11100.0,11400.0,0.0
POW,09:31:53,Sell Down,5000.0,11400.0,0.0
POW,09:31:51,Sell Down,200.0,11400.0,0.0
POW,09:31:50,Sell Down,100.0,11400.0,0.0
POW,09:31:49,Sell Down,3600.0,11400.0,0.0
POW,09:31:48,Sell Down,4900.0,11400.0,0.0
POW,09:31:48,Sell Down,1500.0,11400.0,0.0
POW,09:31:46,Sell Down,1500.0,11400.0,0.0
POW,09:31:46,Sell Down,5000.0,11400.0,0.0
POW,09:31:46,Sell Down,500.0,11400.0,0.0
POW,09:31:46,Sell Down,5000.0,11400.0,0.0
POW,09:31:46,Sell Down,2000.0,11400.0,0.0
POW,09:31:46,Sell Down,2000.0,11400.0,0.0
POW,09:31:46,Sell Down,4000.0,11400.0,0.0
POW,09:31:43,Sell Down,2900.0,11400.0,0.0
POW,09:31:43,Sell Down,400.0,11400.0,0.0
POW,09:31:43,Sell Down,100.0,11400.0,0.0
POW,09:31:43,Sell Down,2000.0,11400.0,0.0
POW,09:31:43,Sell Down,9600.0,11400.0,0.0
POW,09:31:42,Sell Down,2000.0,11400.0,0.0
POW,09:31:39,Sell Down,10000.0,11400.0,0.0
POW,09:31:34,Sell Down,10000.0,11400.0,0.0
POW,09:31:33,Sell Down,8000.0,11400.0,0.0
POW,09:31:32,Sell Down,1400.0,11400.0,0.0
POW,09:31:26,Sell Down,2600.0,11400.0,0.0
POW,09:31:25,Sell Down,500.0,11400.0,0.0
POW,09:31:25,Sell Down,100.0,11400.0,0.0
POW,09:31:23,Sell Down,1500.0,11400.0,0.0
POW,09:31:23,Sell Down,2000.0,11400.0,0.0
POW,09:31:18,Sell Down,10000.0,11400.0,0.0
POW,09:31:16,Sell Down,500.0,11400.0,0.0
POW,09:31:14,Sell Down,100.0,11400.0,0.0
POW,09:31:07,Sell Down,100.0,11400.0,0.0
POW,09:31:05,Sell Down,10000.0,11400.0,0.0
POW,09:30:46,Sell Down,100.0,11400.0,0.0
POW,09:30:43,Sell Down,100.0,11400.0,0.0
POW,09:30:39,Sell Down,2000.0,11400.0,0.0
POW,09:30:37,Sell Down,6800.0,11400.0,0.0
POW,09:30:37,Sell Down,100.0,11400.0,0.0
POW,09:30:26,Sell Down,4500.0,11400.0,0.0
POW,09:30:26,Sell Down,100.0,11400.0,0.0
POW,09:30:23,Sell Down,600.0,11400.0,0.0
POW,09:30:22,Sell Down,10000.0,11400.0,-50.0
POW,09:30:21,Buy Up,500.0,11450.0,50.0
POW,09:30:20,Sell Down,1000.0,11400.0,0.0
POW,09:30:20,Sell Down,5000.0,11400.0,0.0
POW,09:30:19,Buy Up,1300.0,11400.0,0.0
POW,09:30:18,Buy Up,100.0,11400.0,0.0
POW,09:30:17,Buy Up,2000.0,11400.0,0.0
POW,09:30:15,Buy Up,100.0,11400.0,0.0
POW,09:30:15,Buy Up,5000.0,11400.0,0.0
POW,09:30:15,Buy Up,4600.0,11400.0,0.0
POW,09:30:15,Buy Up,3000.0,11400.0,0.0
POW,09:30:15,Buy Up,200.0,11400.0,0.0
POW,09:30:15,Buy Up,1300.0,11400.0,0.0
POW,09:30:15,Buy Up,7500.0,11400.0,0.0
POW,09:30:15,Buy Up,900.0,11400.0,0.0
POW,09:30:14,Sell Down,100.0,11400.0,0.0
POW,09:30:12,Sell Down,200.0,11400.0,0.0
POW,09:30:12,Sell Down,100.0,11400.0,0.0
POW,09:30:12,Sell Down,4000.0,11400.0,0.0
POW,09:30:12,Sell Down,300.0,11400.0,0.0
POW,09:30:12,Sell Down,3000.0,11400.0,0.0
POW,09:30:12,Sell Down,300.0,11400.0,0.0
POW,09:30:12,Sell Down,100.0,11400.0,0.0
POW,09:30:12,Sell Down,500.0,11400.0,0.0
POW,09:30:12,Sell Down,600.0,11400.0,0.0
POW,09:30:12,Sell Down,1000.0,11400.0,0.0
POW,09:30:12,Sell Down,300.0,11400.0,0.0
POW,09:30:12,Sell Down,500.0,11400.0,0.0
POW,09:30:12,Sell Down,5000.0,11400.0,0.0
POW,09:30:12,Sell Down,300.0,11400.0,0.0
POW,09:30:12,Sell Down,100.0,11400.0,0.0
POW,09:30:12,Sell Down,2000.0,11400.0,0.0
POW,09:30:12,Sell Down,500.0,11400.0,0.0
POW,09:30:12,Sell Down,1600.0,11400.0,0.0
POW,09:30:12,Sell Down,300.0,11400.0,0.0
POW,09:30:12,Sell Down,3000.0,11400.0,0.0
POW,09:30:12,Sell Down,500.0,11400.0,0.0
POW,09:30:11,Sell Down,1500.0,11400.0,0.0
POW,09:30:11,Sell Down,500.0,11400.0,0.0
POW,09:30:10,Sell Down,1000.0,11400.0,0.0
POW,09:30:10,Sell Down,2500.0,11400.0,0.0
POW,09:30:10,Sell Down,2600.0,11400.0,0.0
POW,09:30:10,Sell Down,300.0,11400.0,0.0
POW,09:30:10,Sell Down,1000.0,11400.0,0.0
POW,09:30:10,Sell Down,5000.0,11400.0,0.0
POW,09:30:10,Sell Down,1000.0,11400.0,0.0
POW,09:30:10,Sell Down,300.0,11400.0,0.0
POW,09:30:10,Sell Down,100.0,11400.0,0.0
POW,09:30:10,Sell Down,100.0,11400.0,0.0
POW,09:30:10,Sell Down,12300.0,11400.0,0.0
POW,09:30:09,Sell Down,2900.0,11400.0,0.0
POW,09:30:08,Sell Down,4800.0,11400.0,0.0
POW,09:30:08,Sell Down,200.0,11400.0,0.0
POW,09:30:08,Sell Down,100.0,11400.0,0.0
POW,09:30:08,Sell Down,1000.0,11400.0,0.0
POW,09:30:08,Sell Down,100.0,11400.0,0.0
POW,09:30:08,Sell Down,100.0,11400.0,0.0
POW,09:30:08,Sell Down,1000.0,11400.0,0.0
POW,09:30:08,Sell Down,500.0,11400.0,0.0
POW,09:30:08,Sell Down,1000.0,11400.0,0.0
POW,09:30:08,Sell Down,500.0,11400.0,0.0
POW,09:30:08,Sell Down,700.0,11400.0,0.0
POW,09:30:06,Sell Down,4600.0,11400.0,0.0
POW,09:30:06,Sell Down,4700.0,11400.0,0.0
POW,09:30:06,Sell Down,100.0,11400.0,0.0
POW,09:30:06,Sell Down,200.0,11400.0,0.0
POW,09:30:01,Sell Down,100.0,11400.0,0.0
POW,09:30:00,Sell Down,700.0,11400.0,0.0
POW,09:30:00,Sell Down,1000.0,11400.0,0.0
POW,09:29:57,Sell Down,100.0,11400.0,0.0
POW,09:29:56,Sell Down,700.0,11400.0,-50.0
POW,09:29:53,Buy Up,200.0,11450.0,50.0
POW,09:29:51,Sell Down,100.0,11400.0,0.0
POW,09:29:37,Sell Down,2000.0,11400.0,0.0
POW,09:29:37,Sell Down,100.0,11400.0,0.0
POW,09:29:33,Sell Down,12300.0,11400.0,0.0
POW,09:29:31,Sell Down,300.0,11400.0,0.0
POW,09:29:25,Sell Down,1000.0,11400.0,0.0
POW,09:29:22,Sell Down,1000.0,11400.0,0.0
POW,09:29:09,Sell Down,11400.0,11400.0,0.0
POW,09:29:09,Sell Down,1100.0,11400.0,0.0
POW,09:29:09,Sell Down,2000.0,11400.0,0.0
POW,09:29:09,Sell Down,300.0,11400.0,0.0
POW,09:29:09,Sell Down,200.0,11400.0,0.0
POW,09:29:09,Sell Down,2000.0,11400.0,0.0
POW,09:29:09,Sell Down,3000.0,11400.0,0.0
POW,09:29:07,Sell Down,1300.0,11400.0,0.0
POW,09:29:07,Sell Down,700.0,11400.0,0.0
POW,09:29:05,Sell Down,300.0,11400.0,0.0
POW,09:29:05,Sell Down,100.0,11400.0,0.0
POW,09:29:05,Sell Down,3000.0,11400.0,0.0
POW,09:29:05,Sell Down,10000.0,11400.0,0.0
POW,09:29:05,Sell Down,800.0,11400.0,0.0
POW,09:29:05,Sell Down,100.0,11400.0,0.0
POW,09:29:05,Sell Down,300.0,11400.0,0.0
POW,09:29:05,Sell Down,1500.0,11400.0,0.0
POW,09:29:05,Sell Down,3000.0,11400.0,0.0
POW,09:29:05,Sell Down,200.0,11400.0,0.0
POW,09:29:05,Sell Down,10700.0,11400.0,0.0
POW,09:29:03,Sell Down,3000.0,11400.0,0.0
POW,09:28:57,Sell Down,1000.0,11400.0,0.0
POW,09:28:51,Sell Down,3000.0,11400.0,0.0
POW,09:28:49,Sell Down,100.0,11400.0,0.0
POW,09:28:46,Sell Down,10000.0,11400.0,0.0
POW,09:28:42,Sell Down,100.0,11400.0,0.0
POW,09:28:30,Sell Down,100.0,11400.0,-50.0
POW,09:28:30,Buy Up,200.0,11450.0,50.0
POW,09:28:30,Sell Down,21100.0,11400.0,0.0
POW,09:28:17,Sell Down,10000.0,11400.0,0.0
POW,09:28:14,Sell Down,100.0,11400.0,-50.0
POW,09:28:12,Buy Up,100.0,11450.0,50.0
POW,09:28:11,Sell Down,200.0,11400.0,0.0
POW,09:28:01,Sell Down,5000.0,11400.0,0.0
POW,09:27:57,Sell Down,2000.0,11400.0,-50.0
POW,09:27:53,Buy Up,300.0,11450.0,50.0
POW,09:27:50,Sell Down,20000.0,11400.0,0.0
POW,09:27:41,Sell Down,100.0,11400.0,0.0
POW,09:27:31,Sell Down,12900.0,11400.0,0.0
POW,09:27:27,Sell Down,600.0,11400.0,0.0
POW,09:27:27,Sell Down,2000.0,11400.0,0.0
POW,09:27:27,Sell Down,200.0,11400.0,0.0
POW,09:27:27,Sell Down,200.0,11400.0,0.0
POW,09:27:22,Sell Down,23000.0,11400.0,0.0
POW,09:27:22,Sell Down,300.0,11400.0,0.0
POW,09:27:22,Sell Down,100.0,11400.0,0.0
POW,09:27:22,Sell Down,1500.0,11400.0,0.0
POW,09:27:22,Sell Down,100.0,11400.0,0.0
POW,09:27:22,Sell Down,1000.0,11400.0,0.0
POW,09:27:22,Sell Down,2000.0,11400.0,0.0
POW,09:27:22,Sell Down,2000.0,11400.0,0.0
POW,09:27:14,Sell Down,3000.0,11400.0,0.0
POW,09:27:10,Sell Down,1000.0,11400.0,0.0
POW,09:27:10,Sell Down,500.0,11400.0,0.0
POW,09:27:10,Sell Down,4500.0,11400.0,0.0
POW,09:27:04,Sell Down,5000.0,11400.0,0.0
POW,09:27:03,Sell Down,700.0,11400.0,0.0
POW,09:27:02,Sell Down,500.0,11400.0,0.0
POW,09:26:54,Sell Down,100.0,11400.0,0.0
POW,09:26:42,Sell Down,4200.0,11400.0,0.0
POW,09:26:42,Sell Down,3400.0,11400.0,0.0
POW,09:26:26,Sell Down,200.0,11400.0,0.0
POW,09:26:25,Sell Down,400.0,11400.0,0.0
POW,09:26:11,Sell Down,100.0,11400.0,-50.0
POW,09:26:10,Buy Up,1700.0,11450.0,0.0
POW,09:25:58,Buy Up,300.0,11450.0,50.0
POW,09:25:35,Sell Down,100.0,11400.0,0.0
POW,09:24:25,Sell Down,4000.0,11400.0,0.0
POW,09:24:24,Sell Down,100.0,11400.0,0.0
POW,09:24:13,Sell Down,100.0,11400.0,0.0
POW,09:24:13,Sell Down,1000.0,11400.0,0.0
POW,09:24:02,Sell Down,1700.0,11400.0,0.0
POW,09:24:02,Sell Down,300.0,11400.0,0.0
POW,09:23:50,Sell Down,400.0,11400.0,0.0
POW,09:23:47,Sell Down,1900.0,11400.0,0.0
POW,09:23:47,Sell Down,1100.0,11400.0,0.0
POW,09:23:44,Sell Down,400.0,11400.0,0.0
POW,09:23:43,Sell Down,800.0,11400.0,0.0
POW,09:23:37,Sell Down,500.0,11400.0,0.0
POW,09:23:31,Sell Down,200.0,11400.0,0.0
POW,09:23:31,Sell Down,100.0,11400.0,0.0
POW,09:23:31,Sell Down,500.0,11400.0,0.0
POW,09:23:31,Sell Down,2200.0,11400.0,0.0
POW,09:23:31,Sell Down,2000.0,11400.0,0.0
POW,09:23:31,Sell Down,5800.0,11400.0,0.0
POW,09:23:31,Sell Down,1000.0,11400.0,0.0
POW,09:23:31,Sell Down,700.0,11400.0,0.0
POW,09:23:31,Sell Down,500.0,11400.0,0.0
POW,09:23:31,Sell Down,800.0,11400.0,0.0
POW,09:23:31,Sell Down,500.0,11400.0,0.0
POW,09:23:31,Sell Down,400.0,11400.0,0.0
POW,09:23:31,Sell Down,2500.0,11400.0,0.0
POW,09:23:10,Sell Down,100.0,11400.0,0.0
POW,09:22:30,Sell Down,100.0,11400.0,0.0
POW,09:22:19,Sell Down,500.0,11400.0,0.0
POW,09:22:13,Sell Down,400.0,11400.0,0.0
POW,09:21:59,Sell Down,1000.0,11400.0,0.0
POW,09:21:57,Sell Down,100.0,11400.0,0.0
POW,09:21:39,Sell Down,100.0,11400.0,0.0
POW,09:21:39,Sell Down,5000.0,11400.0,0.0
POW,09:21:39,Sell Down,500.0,11400.0,0.0
POW,09:21:39,Sell Down,9500.0,11400.0,0.0
POW,09:21:15,Sell Down,200.0,11400.0,-50.0
POW,09:21:11,Buy Up,1000.0,11450.0,0.0
POW,09:20:39,Buy Up,500.0,11450.0,0.0
POW,09:20:07,Buy Up,1300.0,11450.0,0.0
POW,09:20:07,Buy Up,1700.0,11450.0,50.0
POW,09:19:57,Sell Down,300.0,11400.0,0.0
POW,09:19:57,Sell Down,4700.0,11400.0,-50.0
POW,09:19:31,Buy Up,100.0,11450.0,0.0
POW,09:19:02,Buy Up,1000.0,11450.0,0.0
POW,09:19:00,Buy Up,1500.0,11450.0,0.0
POW,09:18:46,Buy Up,400.0,11450.0,0.0
POW,09:18:35,Buy Up,4500.0,11450.0,0.0
POW,09:18:34,Buy Up,900.0,11450.0,50.0
POW,09:18:33,Sell Down,300.0,11400.0,0.0
POW,09:18:33,Sell Down,500.0,11400.0,0.0
POW,09:18:33,Sell Down,2000.0,11400.0,0.0
POW,09:18:33,Sell Down,400.0,11400.0,0.0
POW,09:18:33,Sell Down,1500.0,11400.0,0.0
POW,09:18:33,Sell Down,300.0,11400.0,-50.0
POW,09:18:24,Buy Up,19900.0,11450.0,0.0
POW,09:18:24,Buy Up,20100.0,11450.0,0.0
POW,09:18:13,Buy Up,400.0,11450.0,50.0
POW,09:18:02,Sell Down,100.0,11400.0,-50.0
POW,09:17:46,Buy Up,100.0,11450.0,0.0
POW,09:17:40,Buy Up,4300.0,11450.0,0.0
POW,09:17:34,Buy Up,700.0,11450.0,0.0
POW,09:17:34,Buy Up,1000.0,11450.0,0.0
POW,09:17:33,Buy Up,900.0,11450.0,0.0
POW,09:17:28,Buy Up,2000.0,11450.0,0.0
POW,09:17:23,Buy Up,300.0,11450.0,0.0
POW,09:17:16,Buy Up,400.0,11450.0,0.0
POW,09:17:12,Buy Up,10000.0,11450.0,0.0
POW,09:17:09,Buy Up,2300.0,11450.0,0.0
POW,09:16:43,Buy Up,100.0,11450.0,50.0
POW,09:16:40,Sell Down,200.0,11400.0,0.0
POW,09:16:20,Sell Down,200.0,11400.0,-50.0
POW,09:16:19,Buy Up,100.0,11450.0,50.0
POW,09:16:09,Sell Down,200.0,11400.0,0.0
POW,09:16:09,Sell Down,1000.0,11400.0,0.0
POW,09:16:05,Sell Down,1000.0,11400.0,0.0
POW,09:16:05,Sell Down,1000.0,11400.0,0.0
POW,09:16:05,Sell Down,2000.0,11400.0,0.0
POW,09:16:05,Sell Down,200.0,11400.0,0.0
POW,09:16:05,Sell Down,100.0,11400.0,0.0
POW,09:16:05,Sell Down,700.0,11400.0,0.0
POW,09:16:00,Sell Down,1100.0,11400.0,0.0
POW,09:15:55,Sell Down,200.0,11400.0,0.0
POW,09:15:55,Sell Down,100.0,11400.0,0.0
POW,09:15:55,Sell Down,1000.0,11400.0,0.0
POW,09:15:55,Sell Down,200.0,11400.0,-50.0
POW,09:15:54,Buy Up,4000.0,11450.0,50.0
POW,09:15:19,Sell Down,1100.0,11400.0,0.0
POW,09:15:15,Sell Down,700.0,11400.0,0.0
POW,09:15:15,Sell Down,200.0,11400.0,0.0
POW,09:15:15,Sell Down,100.0,11400.0,0.0
POW,09:15:15,Sell Down,100.0,11400.0,0.0
POW,09:15:14,Sell Down,100.0,11400.0,-50.0
POW,09:15:00,,160300.0,11450.0,0.0
