ticker,time,orderType,volume,price,prevPriceChange
BVH,10:26:23,Sell Down,1000.0,39800.0,0.0
BVH,10:25:25,Buy Up,28800.0,39800.0,0.0
BVH,10:25:25,Buy Up,9400.0,39800.0,0.0
BVH,10:22:28,Sell Down,100.0,39800.0,0.0
BVH,10:22:28,Sell Down,100.0,39800.0,0.0
BVH,10:22:28,Sell Down,300.0,39800.0,0.0
BVH,10:22:28,Sell Down,100.0,39800.0,0.0
BVH,10:22:18,Sell Down,100.0,39800.0,0.0
BVH,10:22:08,Sell Down,100.0,39800.0,0.0
BVH,10:20:54,Sell Down,500.0,39800.0,0.0
BVH,10:20:28,Sell Down,900.0,39800.0,0.0
BVH,10:20:28,Sell Down,100.0,39800.0,0.0
BVH,10:19:57,Sell Down,100.0,39800.0,0.0
BVH,10:19:57,Sell Down,100.0,39800.0,0.0
BVH,10:19:57,Sell Down,800.0,39800.0,0.0
BVH,10:19:18,Sell Down,100.0,39800.0,0.0
BVH,10:18:37,Sell Down,100.0,39800.0,0.0
BVH,10:18:37,Sell Down,100.0,39800.0,0.0
BVH,10:15:58,Sell Down,500.0,39800.0,0.0
BVH,10:14:39,Sell Down,100.0,39800.0,0.0
BVH,10:14:34,Sell Down,1700.0,39800.0,0.0
BVH,10:14:34,Sell Down,300.0,39800.0,0.0
BVH,10:14:16,Sell Down,300.0,39800.0,0.0
BVH,10:14:16,Sell Down,300.0,39800.0,0.0
BVH,10:14:16,Sell Down,400.0,39800.0,-50.0
BVH,10:12:14,Buy Up,700.0,39850.0,50.0
BVH,10:12:03,Sell Down,100.0,39800.0,0.0
BVH,10:12:03,Sell Down,200.0,39800.0,0.0
BVH,10:09:54,Sell Down,100.0,39800.0,0.0
BVH,10:09:16,Sell Down,200.0,39800.0,0.0
BVH,10:09:16,Sell Down,100.0,39800.0,0.0
BVH,10:09:16,Sell Down,500.0,39800.0,0.0
BVH,10:09:16,Sell Down,300.0,39800.0,0.0
BVH,10:09:16,Sell Down,500.0,39800.0,0.0
BVH,10:09:16,Sell Down,1000.0,39800.0,0.0
BVH,10:09:16,Sell Down,2800.0,39800.0,0.0
BVH,10:08:26,Sell Down,100.0,39800.0,0.0
BVH,10:07:34,Sell Down,100.0,39800.0,0.0
BVH,10:06:22,Sell Down,100.0,39800.0,0.0
BVH,10:05:32,Sell Down,100.0,39800.0,0.0
BVH,10:05:02,Sell Down,100.0,39800.0,-50.0
BVH,10:04:59,Sell Down,2400.0,39850.0,0.0
BVH,10:04:44,Sell Down,900.0,39850.0,0.0
BVH,10:04:44,Sell Down,700.0,39850.0,0.0
BVH,10:01:52,Sell Down,1300.0,39850.0,0.0
BVH,10:01:52,Sell Down,2000.0,39850.0,0.0
BVH,10:01:52,Sell Down,1000.0,39850.0,0.0
BVH,10:00:00,Sell Down,500.0,39850.0,-50.0
BVH,09:56:34,Buy Up,3500.0,39900.0,0.0
BVH,09:56:33,Sell Down,500.0,39900.0,0.0
BVH,09:56:01,Buy Up,200.0,39900.0,0.0
BVH,09:56:01,Buy Up,200.0,39900.0,0.0
BVH,09:56:01,Buy Up,100.0,39900.0,50.0
BVH,09:55:38,Sell Down,3300.0,39850.0,0.0
BVH,09:55:38,Sell Down,200.0,39850.0,50.0
BVH,09:54:32,Sell Down,200.0,39800.0,0.0
BVH,09:54:31,Buy Up,200.0,39800.0,0.0
BVH,09:54:31,Buy Up,200.0,39800.0,0.0
BVH,09:54:31,Buy Up,200.0,39800.0,0.0
BVH,09:54:31,Buy Up,200.0,39800.0,0.0
BVH,09:54:31,Buy Up,5700.0,39800.0,0.0
BVH,09:54:29,Buy Up,100.0,39800.0,0.0
BVH,09:53:26,Buy Up,100.0,39800.0,50.0
BVH,09:52:07,Sell Down,100.0,39750.0,0.0
BVH,09:52:07,Sell Down,100.0,39750.0,-50.0
BVH,09:51:52,Buy Up,400.0,39800.0,50.0
BVH,09:51:50,Sell Down,100.0,39750.0,0.0
BVH,09:51:50,Sell Down,100.0,39750.0,0.0
BVH,09:50:34,Sell Down,100.0,39750.0,0.0
BVH,09:50:34,Sell Down,100.0,39750.0,0.0
BVH,09:50:16,Sell Down,900.0,39750.0,0.0
BVH,09:50:16,Sell Down,900.0,39750.0,0.0
BVH,09:49:45,Sell Down,100.0,39750.0,0.0
BVH,09:49:45,Sell Down,100.0,39750.0,-50.0
BVH,09:48:59,Sell Down,1000.0,39800.0,0.0
BVH,09:48:59,Sell Down,9000.0,39800.0,0.0
BVH,09:47:14,Buy Up,200.0,39800.0,0.0
BVH,09:47:14,Buy Up,200.0,39800.0,0.0
BVH,09:47:14,Buy Up,1000.0,39800.0,0.0
BVH,09:47:14,Buy Up,200.0,39800.0,0.0
BVH,09:47:14,Buy Up,200.0,39800.0,0.0
BVH,09:47:14,Buy Up,900.0,39800.0,0.0
BVH,09:47:14,Buy Up,200.0,39800.0,0.0
BVH,09:47:14,Buy Up,1900.0,39800.0,0.0
BVH,09:45:29,Buy Up,900.0,39800.0,50.0
BVH,09:43:51,Sell Down,100.0,39750.0,0.0
BVH,09:42:47,Buy Up,1800.0,39750.0,0.0
BVH,09:41:58,Sell Down,200.0,39750.0,0.0
BVH,09:41:58,Sell Down,400.0,39750.0,0.0
BVH,09:41:58,Sell Down,100.0,39750.0,0.0
BVH,09:41:58,Sell Down,2000.0,39750.0,0.0
BVH,09:40:26,Sell Down,300.0,39750.0,0.0
BVH,09:40:10,Sell Down,2300.0,39750.0,0.0
BVH,09:39:11,Sell Down,700.0,39750.0,-50.0
BVH,09:39:09,Buy Up,200.0,39800.0,0.0
BVH,09:39:09,Buy Up,300.0,39800.0,0.0
BVH,09:38:40,Buy Up,100.0,39800.0,0.0
BVH,09:38:03,Buy Up,100.0,39800.0,50.0
BVH,09:37:59,Sell Down,100.0,39750.0,0.0
BVH,09:37:59,Sell Down,100.0,39750.0,0.0
BVH,09:37:59,Sell Down,100.0,39750.0,0.0
BVH,09:37:38,Sell Down,200.0,39750.0,-50.0
BVH,09:36:58,Buy Up,100.0,39800.0,0.0
BVH,09:36:00,Buy Up,200.0,39800.0,0.0
BVH,09:36:00,Buy Up,200.0,39800.0,0.0
BVH,09:36:00,Buy Up,100.0,39800.0,0.0
BVH,09:34:36,Buy Up,100.0,39800.0,0.0
BVH,09:34:36,Buy Up,100.0,39800.0,0.0
BVH,09:34:28,Buy Up,100.0,39800.0,0.0
BVH,09:34:14,Buy Up,200.0,39800.0,0.0
BVH,09:30:51,Buy Up,1000.0,39800.0,0.0
BVH,09:30:26,Buy Up,200.0,39800.0,0.0
BVH,09:30:23,Buy Up,1000.0,39800.0,0.0
BVH,09:29:54,Buy Up,2000.0,39800.0,0.0
BVH,09:29:42,Buy Up,2000.0,39800.0,50.0
BVH,09:29:05,Sell Down,100.0,39750.0,0.0
BVH,09:29:05,Sell Down,100.0,39750.0,0.0
BVH,09:29:05,Sell Down,100.0,39750.0,0.0
BVH,09:29:05,Sell Down,1000.0,39750.0,0.0
BVH,09:29:05,Sell Down,400.0,39750.0,0.0
BVH,09:29:05,Sell Down,300.0,39750.0,-50.0
BVH,09:28:24,Buy Up,100.0,39800.0,0.0
BVH,09:28:00,Sell Down,500.0,39800.0,0.0
BVH,09:28:00,Sell Down,500.0,39800.0,0.0
BVH,09:28:00,Sell Down,100.0,39800.0,0.0
BVH,09:28:00,Sell Down,1000.0,39800.0,0.0
BVH,09:28:00,Sell Down,1000.0,39800.0,0.0
BVH,09:28:00,Sell Down,500.0,39800.0,0.0
BVH,09:27:11,Sell Down,6500.0,39800.0,0.0
BVH,09:27:11,Sell Down,300.0,39800.0,-50.0
BVH,09:25:11,Sell Down,500.0,39850.0,0.0
BVH,09:25:11,Sell Down,1000.0,39850.0,-50.0
BVH,09:24:12,Buy Up,200.0,39900.0,0.0
BVH,09:24:12,Buy Up,100.0,39900.0,-50.0
BVH,09:20:16,Sell Down,400.0,39950.0,0.0
BVH,09:20:08,Sell Down,100.0,39950.0,0.0
BVH,09:19:23,Buy Up,200.0,39950.0,0.0
BVH,09:19:23,Buy Up,300.0,39950.0,0.0
BVH,09:19:11,Buy Up,100.0,39950.0,-50.0
BVH,09:17:30,Buy Up,200.0,40000.0,0.0
BVH,09:17:30,Buy Up,100.0,40000.0,0.0
BVH,09:17:30,Buy Up,200.0,40000.0,0.0
BVH,09:17:30,Buy Up,400.0,40000.0,0.0
BVH,09:17:30,Buy Up,100.0,40000.0,0.0
BVH,09:17:30,Buy Up,100.0,40000.0,50.0
BVH,09:17:30,Buy Up,100.0,39950.0,100.0
BVH,09:17:21,Sell Down,300.0,39850.0,0.0
BVH,09:17:21,Sell Down,1400.0,39850.0,0.0
BVH,09:17:21,Sell Down,100.0,39850.0,50.0
BVH,09:15:02,Sell Down,200.0,39800.0,-200.0
BVH,09:15:00,,11300.0,40000.0,0.0
