ticker,time,orderType,volume,price,prevPriceChange
AGR,10:34:50,Sell Down,100,16500.0,0.0
AGR,10:34:36,Sell Down,200,16500.0,0.0
AGR,10:34:32,Sell Down,6300,16500.0,0.0
AGR,10:34:30,Sell Down,100,16500.0,0.0
AGR,10:34:28,Sell Down,900,16500.0,0.0
AGR,10:34:20,Sell Down,200,16500.0,0.0
AGR,10:34:02,Sell Down,100,16500.0,0.0
AGR,10:34:00,Sell Down,2000,16500.0,0.0
AGR,10:33:47,Sell Down,3500,16500.0,0.0
AGR,10:33:46,Sell Down,3000,16500.0,0.0
AGR,10:33:46,Sell Down,400,16500.0,0.0
AGR,10:33:46,Sell Down,500,16500.0,0.0
AGR,10:33:46,Sell Down,100,16500.0,0.0
AGR,10:33:38,Sell Down,700,16500.0,0.0
AGR,10:33:38,Sell Down,1300,16500.0,0.0
AGR,10:33:27,Sell Down,2000,16500.0,0.0
AGR,10:33:16,Sell Down,1700,16500.0,0.0
AGR,10:33:16,Sell Down,1300,16500.0,0.0
AGR,10:33:09,Sell Down,300,16500.0,0.0
AGR,10:32:42,Sell Down,3400,16500.0,0.0
AGR,10:32:42,Sell Down,1600,16500.0,0.0
AGR,10:32:03,Sell Down,1000,16500.0,0.0
AGR,10:31:47,Sell Down,100,16500.0,0.0
AGR,10:31:30,Sell Down,300,16500.0,0.0
AGR,10:31:30,Sell Down,100,16500.0,0.0
AGR,10:31:25,Sell Down,2900,16500.0,0.0
AGR,10:31:18,Sell Down,200,16500.0,0.0
AGR,10:31:10,Sell Down,4800,16500.0,0.0
AGR,10:31:10,Sell Down,1000,16500.0,0.0
AGR,10:31:10,Sell Down,4200,16500.0,0.0
AGR,10:31:01,Sell Down,500,16500.0,0.0
AGR,10:30:58,Sell Down,2000,16500.0,0.0
AGR,10:30:38,Sell Down,1000,16500.0,0.0
AGR,10:30:21,Sell Down,100,16500.0,0.0
AGR,10:30:13,Sell Down,400,16500.0,-50.0
AGR,10:30:11,Buy Up,2000,16550.0,50.0
AGR,10:30:11,Sell Down,1000,16500.0,0.0
AGR,10:29:39,Sell Down,800,16500.0,0.0
AGR,10:29:33,Sell Down,500,16500.0,0.0
AGR,10:29:33,Sell Down,300,16500.0,0.0
AGR,10:29:33,Sell Down,200,16500.0,0.0
AGR,10:29:25,Sell Down,200,16500.0,0.0
AGR,10:29:22,Sell Down,100,16500.0,0.0
AGR,10:29:14,Sell Down,300,16500.0,0.0
AGR,10:29:12,Sell Down,200,16500.0,0.0
AGR,10:29:07,Sell Down,1000,16500.0,0.0
AGR,10:28:58,Sell Down,500,16500.0,0.0
AGR,10:28:47,Sell Down,100,16500.0,0.0
AGR,10:28:44,Sell Down,100,16500.0,0.0
AGR,10:28:44,Sell Down,100,16500.0,0.0
AGR,10:28:35,Sell Down,300,16500.0,0.0
AGR,10:28:27,Sell Down,1000,16500.0,0.0
AGR,10:28:14,Sell Down,100,16500.0,0.0
AGR,10:28:13,Sell Down,300,16500.0,0.0
AGR,10:28:11,Sell Down,500,16500.0,0.0
AGR,10:28:11,Sell Down,500,16500.0,0.0
AGR,10:28:05,Buy Up,500,16500.0,0.0
AGR,10:28:05,Buy Up,500,16500.0,0.0
AGR,10:27:58,Buy Up,3000,16500.0,0.0
AGR,10:27:58,Buy Up,200,16500.0,0.0
AGR,10:27:46,Sell Down,1300,16500.0,0.0
AGR,10:27:45,Sell Down,400,16500.0,0.0
AGR,10:27:43,Sell Down,1000,16500.0,0.0
AGR,10:27:32,Buy Up,500,16500.0,0.0
AGR,10:27:32,Buy Up,800,16500.0,0.0
AGR,10:27:31,Buy Up,200,16500.0,0.0
AGR,10:27:31,Buy Up,1000,16500.0,0.0
AGR,10:27:30,Buy Up,1000,16500.0,0.0
AGR,10:27:30,Buy Up,100,16500.0,0.0
AGR,10:27:30,Buy Up,3900,16500.0,0.0
AGR,10:27:26,Buy Up,1000,16500.0,0.0
AGR,10:27:25,Buy Up,15100,16500.0,0.0
AGR,10:27:25,Buy Up,1000,16500.0,0.0
AGR,10:27:25,Buy Up,600,16500.0,0.0
AGR,10:27:25,Buy Up,3000,16500.0,0.0
AGR,10:27:25,Buy Up,200,16500.0,0.0
AGR,10:27:25,Buy Up,1400,16500.0,0.0
AGR,10:27:25,Buy Up,100,16500.0,0.0
AGR,10:27:25,Buy Up,400,16500.0,0.0
AGR,10:27:25,Buy Up,200,16500.0,0.0
AGR,10:27:25,Buy Up,7500,16500.0,0.0
AGR,10:27:25,Buy Up,1000,16500.0,0.0
AGR,10:27:25,Buy Up,200,16500.0,0.0
AGR,10:27:25,Buy Up,2000,16500.0,0.0
AGR,10:27:25,Buy Up,2000,16500.0,0.0
AGR,10:27:25,Buy Up,600,16500.0,0.0
AGR,10:27:25,Buy Up,1000,16500.0,0.0
AGR,10:27:25,Buy Up,100,16500.0,0.0
AGR,10:27:25,Buy Up,2000,16500.0,0.0
AGR,10:27:25,Buy Up,300,16500.0,0.0
AGR,10:27:25,Buy Up,200,16500.0,0.0
AGR,10:27:25,Buy Up,1100,16500.0,0.0
AGR,10:27:07,Buy Up,900,16500.0,0.0
AGR,10:27:07,Buy Up,300,16500.0,0.0
AGR,10:27:07,Buy Up,1500,16500.0,0.0
AGR,10:27:07,Buy Up,200,16500.0,0.0
AGR,10:27:07,Buy Up,500,16500.0,0.0
AGR,10:27:07,Buy Up,1600,16500.0,0.0
AGR,10:26:56,Buy Up,300,16500.0,0.0
AGR,10:26:46,Buy Up,100,16500.0,50.0
AGR,10:26:46,Buy Up,100,16500.0,50.0
AGR,10:25:31,Sell Down,1000,16450.0,-50.0
AGR,10:24:31,Buy Up,200,16500.0,0.0
AGR,10:24:10,Buy Up,1000,16500.0,0.0
AGR,10:23:45,Buy Up,200,16500.0,0.0
AGR,10:23:43,Buy Up,100,16500.0,0.0
AGR,10:23:39,Buy Up,200,16500.0,0.0
AGR,10:23:34,Sell Down,300,16500.0,0.0
AGR,10:22:58,Sell Down,700,16500.0,0.0
AGR,10:22:58,Sell Down,100,16500.0,0.0
AGR,10:22:58,Sell Down,1200,16500.0,0.0
AGR,10:22:57,Sell Down,1000,16500.0,0.0
AGR,10:22:21,Sell Down,300,16500.0,0.0
AGR,10:22:19,Sell Down,3700,16500.0,0.0
AGR,10:22:13,Buy Up,1000,16500.0,0.0
AGR,10:22:13,Buy Up,100,16500.0,0.0
AGR,10:22:13,Buy Up,500,16500.0,0.0
AGR,10:22:13,Buy Up,2200,16500.0,0.0
AGR,10:21:14,Sell Down,1000,16500.0,0.0
AGR,10:21:14,Sell Down,1800,16500.0,0.0
AGR,10:21:13,Sell Down,2000,16500.0,0.0
AGR,10:20:51,Sell Down,400,16500.0,0.0
AGR,10:20:49,Buy Up,1900,16500.0,0.0
AGR,10:20:49,Buy Up,3900,16500.0,0.0
AGR,10:20:41,Sell Down,1100,16500.0,0.0
AGR,10:20:38,Sell Down,400,16500.0,0.0
AGR,10:20:37,Sell Down,10000,16500.0,0.0
AGR,10:20:25,Sell Down,400,16500.0,0.0
AGR,10:20:23,Sell Down,2000,16500.0,0.0
AGR,10:19:56,Sell Down,1000,16500.0,0.0
AGR,10:19:46,Sell Down,1500,16500.0,0.0
AGR,10:19:39,Sell Down,3300,16500.0,0.0
AGR,10:19:39,Sell Down,300,16500.0,0.0
AGR,10:19:38,Buy Up,500,16500.0,0.0
AGR,10:19:32,Buy Up,200,16500.0,0.0
AGR,10:19:32,Buy Up,300,16500.0,0.0
AGR,10:19:11,Sell Down,300,16500.0,0.0
AGR,10:19:05,Sell Down,200,16500.0,0.0
AGR,10:18:59,Buy Up,4300,16500.0,0.0
AGR,10:18:59,Buy Up,700,16500.0,0.0
AGR,10:18:31,Sell Down,4300,16500.0,0.0
AGR,10:18:25,Sell Down,1000,16500.0,0.0
AGR,10:18:19,Sell Down,500,16500.0,0.0
AGR,10:18:09,Sell Down,1000,16500.0,0.0
AGR,10:18:09,Buy Up,10000,16500.0,0.0
AGR,10:18:09,Buy Up,100,16500.0,0.0
AGR,10:18:09,Buy Up,2000,16500.0,0.0
AGR,10:18:09,Buy Up,1100,16500.0,0.0
AGR,10:18:03,Buy Up,500,16500.0,0.0
AGR,10:17:44,Sell Down,500,16500.0,0.0
AGR,10:17:44,Sell Down,1000,16500.0,0.0
AGR,10:17:44,Sell Down,1900,16500.0,0.0
AGR,10:17:40,Sell Down,100,16500.0,0.0
AGR,10:17:26,Sell Down,500,16500.0,0.0
AGR,10:17:04,Sell Down,1000,16500.0,0.0
AGR,10:17:03,Sell Down,100,16500.0,0.0
AGR,10:17:03,Sell Down,1300,16500.0,0.0
AGR,10:17:03,Sell Down,100,16500.0,0.0
AGR,10:17:02,Buy Up,500,16500.0,0.0
AGR,10:17:00,Buy Up,1900,16500.0,0.0
AGR,10:17:00,Buy Up,1000,16500.0,0.0
AGR,10:17:00,Buy Up,1000,16500.0,0.0
AGR,10:17:00,Buy Up,5000,16500.0,0.0
AGR,10:17:00,Buy Up,100,16500.0,0.0
AGR,10:17:00,Buy Up,100,16500.0,0.0
AGR,10:17:00,Buy Up,9300,16500.0,0.0
AGR,10:17:00,Buy Up,2000,16500.0,0.0
AGR,10:17:00,Buy Up,2000,16500.0,0.0
AGR,10:17:00,Buy Up,500,16500.0,0.0
AGR,10:17:00,Buy Up,1300,16500.0,0.0
AGR,10:17:00,Buy Up,1000,16500.0,0.0
AGR,10:17:00,Buy Up,4800,16500.0,0.0
AGR,10:17:00,Buy Up,500,16500.0,0.0
AGR,10:16:32,Buy Up,4700,16500.0,0.0
AGR,10:16:32,Buy Up,4000,16500.0,0.0
AGR,10:16:32,Buy Up,1300,16500.0,0.0
AGR,10:16:19,Buy Up,1000,16500.0,0.0
AGR,10:15:59,Buy Up,2000,16500.0,0.0
AGR,10:15:04,Buy Up,5700,16500.0,0.0
AGR,10:15:04,Buy Up,5000,16500.0,0.0
AGR,10:15:04,Buy Up,3100,16500.0,0.0
AGR,10:15:04,Buy Up,200,16500.0,0.0
AGR,10:14:31,Buy Up,100,16500.0,0.0
AGR,10:14:27,Buy Up,200,16500.0,0.0
AGR,10:14:10,Sell Down,1200,16500.0,0.0
AGR,10:14:09,Sell Down,800,16500.0,0.0
AGR,10:14:09,Sell Down,2200,16500.0,0.0
AGR,10:14:07,Sell Down,200,16500.0,0.0
AGR,10:13:56,Sell Down,1300,16500.0,0.0
AGR,10:13:42,Sell Down,1300,16500.0,0.0
AGR,10:13:42,Sell Down,1000,16500.0,0.0
AGR,10:13:42,Sell Down,700,16500.0,0.0
AGR,10:13:35,Sell Down,100,16500.0,0.0
AGR,10:13:26,Sell Down,1200,16500.0,0.0
AGR,10:13:26,Sell Down,100,16500.0,0.0
AGR,10:13:26,Sell Down,300,16500.0,0.0
AGR,10:13:26,Sell Down,100,16500.0,0.0
AGR,10:13:26,Sell Down,1500,16500.0,0.0
AGR,10:13:26,Sell Down,800,16500.0,-50.0
AGR,10:13:23,Buy Up,200,16550.0,50.0
AGR,10:13:17,Sell Down,1000,16500.0,0.0
AGR,10:13:15,Sell Down,100,16500.0,0.0
AGR,10:12:49,Sell Down,100,16500.0,0.0
AGR,10:12:49,Sell Down,2000,16500.0,-50.0
AGR,10:12:42,Buy Up,400,16550.0,0.0
AGR,10:12:42,Buy Up,600,16550.0,50.0
AGR,10:12:33,Sell Down,500,16500.0,0.0
AGR,10:12:33,Sell Down,500,16500.0,0.0
AGR,10:12:33,Sell Down,1500,16500.0,0.0
AGR,10:12:29,Sell Down,200,16500.0,0.0
AGR,10:12:27,Sell Down,100,16500.0,0.0
AGR,10:12:21,Sell Down,800,16500.0,0.0
AGR,10:11:59,Sell Down,200,16500.0,0.0
AGR,10:11:57,Sell Down,200,16500.0,0.0
AGR,10:11:50,Sell Down,500,16500.0,0.0
AGR,10:11:50,Sell Down,700,16500.0,0.0
AGR,10:11:44,Sell Down,400,16500.0,0.0
AGR,10:11:34,Sell Down,100,16500.0,0.0
AGR,10:11:29,Sell Down,1000,16500.0,0.0
AGR,10:11:29,Sell Down,100,16500.0,0.0
AGR,10:11:26,Sell Down,500,16500.0,0.0
AGR,10:11:25,Sell Down,400,16500.0,0.0
AGR,10:11:01,Sell Down,400,16500.0,0.0
AGR,10:10:56,Sell Down,1000,16500.0,0.0
AGR,10:10:55,Sell Down,100,16500.0,0.0
AGR,10:10:50,Sell Down,100,16500.0,0.0
AGR,10:10:45,Sell Down,500,16500.0,0.0
AGR,10:10:44,Sell Down,400,16500.0,0.0
AGR,10:10:44,Sell Down,400,16500.0,0.0
AGR,10:10:44,Sell Down,700,16500.0,0.0
AGR,10:10:44,Sell Down,500,16500.0,0.0
AGR,10:10:44,Sell Down,500,16500.0,0.0
AGR,10:10:44,Sell Down,1000,16500.0,0.0
AGR,10:10:44,Buy Up,1000,16500.0,0.0
AGR,10:10:44,Buy Up,600,16500.0,0.0
AGR,10:10:44,Buy Up,500,16500.0,0.0
AGR,10:10:44,Buy Up,200,16500.0,0.0
AGR,10:10:44,Buy Up,300,16500.0,0.0
AGR,10:10:44,Buy Up,100,16500.0,0.0
AGR,10:10:44,Buy Up,1000,16500.0,0.0
AGR,10:10:44,Buy Up,3000,16500.0,0.0
AGR,10:10:44,Buy Up,500,16500.0,0.0
AGR,10:10:44,Buy Up,200,16500.0,0.0
AGR,10:10:44,Buy Up,1000,16500.0,0.0
AGR,10:10:44,Buy Up,1000,16500.0,0.0
AGR,10:10:44,Buy Up,500,16500.0,0.0
AGR,10:10:44,Buy Up,1300,16500.0,0.0
AGR,10:10:41,Buy Up,1700,16500.0,0.0
AGR,10:10:41,Buy Up,700,16500.0,0.0
AGR,10:10:41,Buy Up,200,16500.0,0.0
AGR,10:10:41,Buy Up,2500,16500.0,0.0
AGR,10:10:41,Buy Up,3200,16500.0,0.0
AGR,10:10:41,Buy Up,300,16500.0,0.0
AGR,10:10:41,Buy Up,1000,16500.0,0.0
AGR,10:10:41,Buy Up,100,16500.0,0.0
AGR,10:10:41,Buy Up,500,16500.0,0.0
AGR,10:10:41,Buy Up,200,16500.0,0.0
AGR,10:10:41,Buy Up,1000,16500.0,0.0
AGR,10:10:41,Buy Up,1000,16500.0,0.0
AGR,10:10:41,Buy Up,2000,16500.0,0.0
AGR,10:10:41,Buy Up,1300,16500.0,0.0
AGR,10:10:41,Buy Up,200,16500.0,0.0
AGR,10:10:41,Buy Up,5000,16500.0,0.0
AGR,10:10:41,Buy Up,200,16500.0,0.0
AGR,10:10:41,Buy Up,200,16500.0,0.0
AGR,10:10:41,Buy Up,1000,16500.0,0.0
AGR,10:10:41,Buy Up,1000,16500.0,0.0
AGR,10:10:41,Buy Up,700,16500.0,0.0
AGR,10:10:40,Buy Up,300,16500.0,0.0
AGR,10:10:40,Buy Up,1000,16500.0,0.0
AGR,10:10:40,Buy Up,500,16500.0,0.0
AGR,10:10:40,Buy Up,200,16500.0,50.0
AGR,10:10:39,Sell Down,1000,16450.0,0.0
AGR,10:10:28,Sell Down,1000,16450.0,-50.0
AGR,10:09:41,Buy Up,400,16500.0,0.0
AGR,10:09:35,Buy Up,100,16500.0,0.0
AGR,10:09:35,Buy Up,1500,16500.0,0.0
AGR,10:09:11,Buy Up,1500,16500.0,0.0
AGR,10:09:11,Buy Up,500,16500.0,0.0
AGR,10:08:04,Buy Up,1600,16500.0,0.0
AGR,10:07:43,Buy Up,4900,16500.0,0.0
AGR,10:07:43,Buy Up,100,16500.0,0.0
AGR,10:07:18,Buy Up,1000,16500.0,0.0
AGR,10:07:15,Buy Up,600,16500.0,0.0
AGR,10:07:15,Buy Up,400,16500.0,0.0
AGR,10:07:12,Buy Up,1100,16500.0,0.0
AGR,10:07:12,Buy Up,900,16500.0,0.0
AGR,10:06:59,Buy Up,500,16500.0,0.0
AGR,10:06:33,Buy Up,1600,16500.0,50.0
AGR,10:06:27,Sell Down,600,16450.0,0.0
AGR,10:05:48,Sell Down,400,16450.0,0.0
AGR,10:05:48,Sell Down,400,16450.0,0.0
AGR,10:05:48,Sell Down,100,16450.0,0.0
AGR,10:05:48,Sell Down,500,16450.0,0.0
AGR,10:05:48,Sell Down,1600,16450.0,0.0
AGR,10:05:47,Sell Down,100,16450.0,0.0
AGR,10:05:42,Sell Down,300,16450.0,0.0
AGR,10:05:42,Sell Down,100,16450.0,0.0
AGR,10:05:42,Sell Down,100,16450.0,0.0
AGR,10:05:33,Sell Down,1000,16450.0,0.0
AGR,10:05:30,Sell Down,1000,16450.0,0.0
AGR,10:05:29,Sell Down,900,16450.0,0.0
AGR,10:05:23,Sell Down,1000,16450.0,0.0
AGR,10:05:21,Sell Down,3000,16450.0,0.0
AGR,10:05:10,Sell Down,2000,16450.0,0.0
AGR,10:05:05,Sell Down,600,16450.0,0.0
AGR,10:04:59,Sell Down,200,16450.0,0.0
AGR,10:04:52,Sell Down,100,16450.0,0.0
AGR,10:04:51,Sell Down,100,16450.0,0.0
AGR,10:04:51,Sell Down,1900,16450.0,0.0
AGR,10:04:32,Sell Down,100,16450.0,-50.0
AGR,10:04:29,Buy Up,200,16500.0,0.0
AGR,10:04:15,Buy Up,2000,16500.0,0.0
AGR,10:04:11,Buy Up,200,16500.0,0.0
AGR,10:04:06,Buy Up,1500,16500.0,0.0
AGR,10:03:51,Buy Up,500,16500.0,0.0
AGR,10:03:32,Buy Up,100,16500.0,0.0
AGR,10:03:15,Sell Down,500,16500.0,0.0
AGR,10:03:15,Sell Down,300,16500.0,0.0
AGR,10:03:15,Sell Down,100,16500.0,0.0
AGR,10:03:15,Sell Down,100,16500.0,0.0
AGR,10:03:15,Sell Down,3000,16500.0,0.0
AGR,10:03:15,Sell Down,500,16500.0,0.0
AGR,10:03:15,Sell Down,1300,16500.0,0.0
AGR,10:03:15,Sell Down,1000,16500.0,0.0
AGR,10:03:15,Sell Down,5400,16500.0,0.0
AGR,10:03:15,Sell Down,5000,16500.0,0.0
AGR,10:03:11,Sell Down,4900,16500.0,0.0
AGR,10:03:11,Sell Down,1000,16500.0,0.0
AGR,10:03:11,Sell Down,1000,16500.0,0.0
AGR,10:03:11,Sell Down,600,16500.0,0.0
AGR,10:03:11,Sell Down,5300,16500.0,0.0
AGR,10:03:11,Sell Down,1200,16500.0,0.0
AGR,10:03:08,Sell Down,1500,16500.0,0.0
AGR,10:03:08,Sell Down,300,16500.0,0.0
AGR,10:03:08,Sell Down,1700,16500.0,0.0
AGR,10:03:05,Sell Down,2000,16500.0,0.0
AGR,10:03:05,Sell Down,3000,16500.0,0.0
AGR,10:03:02,Sell Down,200,16500.0,0.0
AGR,10:03:01,Sell Down,1000,16500.0,0.0
AGR,10:03:00,Sell Down,7000,16500.0,0.0
AGR,10:02:59,Sell Down,100,16500.0,0.0
AGR,10:02:59,Sell Down,1000,16500.0,0.0
AGR,10:02:49,Sell Down,5000,16500.0,0.0
AGR,10:02:42,Sell Down,200,16500.0,0.0
AGR,10:02:42,Sell Down,9000,16500.0,0.0
AGR,10:02:42,Sell Down,600,16500.0,0.0
AGR,10:02:42,Sell Down,200,16500.0,0.0
AGR,10:02:42,Sell Down,1500,16500.0,0.0
AGR,10:02:42,Sell Down,300,16500.0,0.0
AGR,10:02:42,Sell Down,1800,16500.0,0.0
AGR,10:02:42,Sell Down,100,16500.0,0.0
AGR,10:02:42,Sell Down,100,16500.0,0.0
AGR,10:02:42,Sell Down,200,16500.0,-50.0
AGR,10:02:09,Buy Up,400,16550.0,0.0
AGR,10:02:09,Buy Up,100,16550.0,0.0
AGR,10:02:05,Buy Up,900,16550.0,0.0
AGR,10:02:05,Buy Up,2000,16550.0,0.0
AGR,10:02:05,Buy Up,500,16550.0,0.0
AGR,10:02:05,Buy Up,1600,16550.0,0.0
AGR,10:02:05,Buy Up,400,16550.0,0.0
AGR,10:02:05,Buy Up,100,16550.0,0.0
AGR,10:01:56,Buy Up,400,16550.0,0.0
AGR,10:01:56,Buy Up,100,16550.0,50.0
AGR,10:01:54,Sell Down,500,16500.0,0.0
AGR,10:01:49,Sell Down,1300,16500.0,0.0
AGR,10:01:49,Sell Down,100,16500.0,0.0
AGR,10:01:49,Sell Down,500,16500.0,0.0
AGR,10:01:49,Sell Down,1100,16500.0,0.0
AGR,10:01:46,Sell Down,100,16500.0,0.0
AGR,10:01:28,Sell Down,500,16500.0,-50.0
AGR,10:01:26,Buy Up,1000,16550.0,50.0
AGR,10:01:17,Sell Down,100,16500.0,-50.0
AGR,10:01:06,Buy Up,1100,16550.0,0.0
AGR,10:00:56,Buy Up,1000,16550.0,0.0
AGR,10:00:46,Buy Up,1800,16550.0,0.0
AGR,10:00:46,Buy Up,10000,16550.0,0.0
AGR,10:00:46,Buy Up,500,16550.0,0.0
AGR,10:00:46,Buy Up,700,16550.0,0.0
AGR,10:00:03,Buy Up,1300,16550.0,0.0
AGR,10:00:03,Buy Up,100,16550.0,0.0
AGR,10:00:03,Buy Up,100,16550.0,0.0
AGR,10:00:03,Buy Up,200,16550.0,0.0
AGR,10:00:03,Buy Up,500,16550.0,0.0
AGR,10:00:03,Buy Up,800,16550.0,0.0
AGR,09:59:55,Buy Up,300,16550.0,0.0
AGR,09:59:41,Buy Up,1900,16550.0,0.0
AGR,09:59:41,Buy Up,100,16550.0,50.0
AGR,09:59:38,Sell Down,200,16500.0,0.0
AGR,09:59:38,Sell Down,200,16500.0,-50.0
AGR,09:59:38,Buy Up,100,16550.0,0.0
AGR,09:59:38,Buy Up,500,16550.0,0.0
AGR,09:59:37,Sell Down,5000,16550.0,0.0
AGR,09:59:37,Sell Down,100,16550.0,0.0
AGR,09:59:37,Sell Down,600,16550.0,0.0
AGR,09:59:37,Sell Down,2000,16550.0,0.0
AGR,09:59:37,Sell Down,100,16550.0,0.0
AGR,09:59:37,Sell Down,1000,16550.0,0.0
AGR,09:59:37,Sell Down,200,16550.0,0.0
AGR,09:59:35,Sell Down,50000,16550.0,0.0
AGR,09:59:30,Sell Down,5000,16550.0,-50.0
AGR,09:59:25,Buy Up,300,16600.0,0.0
AGR,09:59:25,Buy Up,100,16600.0,0.0
AGR,09:59:25,Buy Up,100,16600.0,0.0
AGR,09:59:25,Buy Up,1000,16600.0,50.0
AGR,09:59:11,Sell Down,5000,16550.0,-50.0
AGR,09:59:11,Buy Up,100,16600.0,50.0
AGR,09:59:08,Sell Down,1000,16550.0,0.0
AGR,09:59:04,Sell Down,500,16550.0,0.0
AGR,09:58:58,Sell Down,3000,16550.0,0.0
AGR,09:58:54,Sell Down,5000,16550.0,0.0
AGR,09:58:47,Sell Down,500,16550.0,0.0
AGR,09:58:43,Sell Down,200,16550.0,0.0
AGR,09:58:36,Sell Down,1000,16550.0,0.0
AGR,09:58:32,Sell Down,5000,16550.0,0.0
AGR,09:58:22,Sell Down,100,16550.0,0.0
AGR,09:58:20,Sell Down,100,16550.0,0.0
AGR,09:58:17,Sell Down,100,16550.0,0.0
AGR,09:58:15,Sell Down,1000,16550.0,0.0
AGR,09:58:05,Sell Down,100,16550.0,0.0
AGR,09:58:01,Sell Down,1000,16550.0,0.0
AGR,09:57:57,Sell Down,6000,16550.0,0.0
AGR,09:57:56,Sell Down,100,16550.0,0.0
AGR,09:57:55,Sell Down,100,16550.0,0.0
AGR,09:57:54,Sell Down,1000,16550.0,0.0
AGR,09:57:46,Sell Down,100,16550.0,0.0
AGR,09:57:46,Sell Down,500,16550.0,0.0
AGR,09:57:46,Sell Down,500,16550.0,0.0
AGR,09:57:46,Sell Down,3000,16550.0,0.0
AGR,09:57:46,Sell Down,1000,16550.0,0.0
AGR,09:57:46,Sell Down,200,16550.0,0.0
AGR,09:57:46,Sell Down,3000,16550.0,0.0
AGR,09:57:46,Sell Down,5000,16550.0,0.0
AGR,09:57:46,Sell Down,1000,16550.0,0.0
AGR,09:57:46,Sell Down,3900,16550.0,0.0
AGR,09:57:46,Sell Down,1000,16550.0,0.0
AGR,09:57:46,Sell Down,1000,16550.0,0.0
AGR,09:57:46,Sell Down,5000,16550.0,0.0
AGR,09:57:46,Sell Down,500,16550.0,0.0
AGR,09:57:46,Sell Down,3000,16550.0,0.0
AGR,09:57:46,Sell Down,1000,16550.0,0.0
AGR,09:57:46,Sell Down,300,16550.0,0.0
AGR,09:57:46,Sell Down,1000,16550.0,0.0
AGR,09:57:46,Sell Down,1000,16550.0,0.0
AGR,09:57:46,Sell Down,1200,16550.0,0.0
AGR,09:57:46,Sell Down,300,16550.0,0.0
AGR,09:57:46,Sell Down,200,16550.0,0.0
AGR,09:57:46,Sell Down,2000,16550.0,0.0
AGR,09:57:46,Sell Down,500,16550.0,0.0
AGR,09:57:46,Sell Down,2500,16550.0,0.0
AGR,09:57:46,Sell Down,1000,16550.0,0.0
AGR,09:57:46,Sell Down,800,16550.0,0.0
AGR,09:57:44,Buy Up,100,16550.0,0.0
AGR,09:57:44,Buy Up,1200,16550.0,0.0
AGR,09:57:44,Buy Up,1000,16550.0,0.0
AGR,09:57:44,Buy Up,700,16550.0,0.0
AGR,09:57:38,Buy Up,300,16550.0,0.0
AGR,09:57:38,Buy Up,100,16550.0,0.0
AGR,09:57:38,Buy Up,200,16550.0,0.0
AGR,09:57:38,Buy Up,300,16550.0,0.0
AGR,09:57:37,Buy Up,100,16550.0,0.0
AGR,09:57:37,Buy Up,200,16550.0,0.0
AGR,09:57:37,Buy Up,100,16550.0,0.0
AGR,09:57:37,Buy Up,600,16550.0,0.0
AGR,09:57:31,Buy Up,400,16550.0,0.0
AGR,09:57:31,Buy Up,4600,16550.0,0.0
AGR,09:57:28,Buy Up,400,16550.0,0.0
AGR,09:57:28,Buy Up,600,16550.0,0.0
AGR,09:57:13,Buy Up,4400,16550.0,0.0
AGR,09:57:13,Buy Up,1600,16550.0,50.0
AGR,09:57:07,Sell Down,1000,16500.0,0.0
AGR,09:56:59,Sell Down,1400,16500.0,0.0
AGR,09:56:59,Sell Down,8100,16500.0,0.0
AGR,09:56:46,Sell Down,2800,16500.0,-50.0
AGR,09:56:46,Buy Up,3000,16550.0,50.0
AGR,09:56:34,Sell Down,100,16500.0,-50.0
AGR,09:56:18,Buy Up,600,16550.0,50.0
AGR,09:56:12,Sell Down,200,16500.0,0.0
AGR,09:55:47,Sell Down,100,16500.0,-50.0
AGR,09:55:44,Buy Up,300,16550.0,0.0
AGR,09:55:29,Buy Up,1000,16550.0,0.0
AGR,09:55:27,Buy Up,500,16550.0,0.0
AGR,09:55:17,Buy Up,100,16550.0,0.0
AGR,09:55:07,Buy Up,500,16550.0,0.0
AGR,09:55:04,Buy Up,1000,16550.0,0.0
AGR,09:55:01,Buy Up,1400,16550.0,0.0
AGR,09:55:01,Buy Up,100,16550.0,0.0
AGR,09:55:01,Buy Up,5000,16550.0,0.0
AGR,09:55:01,Buy Up,1500,16550.0,0.0
AGR,09:55:01,Buy Up,1500,16550.0,0.0
AGR,09:55:01,Buy Up,3400,16550.0,0.0
AGR,09:55:01,Buy Up,200,16550.0,0.0
AGR,09:55:01,Buy Up,600,16550.0,0.0
AGR,09:55:01,Buy Up,100,16550.0,0.0
AGR,09:55:01,Buy Up,1000,16550.0,0.0
AGR,09:55:01,Buy Up,100,16550.0,0.0
AGR,09:55:01,Buy Up,100,16550.0,0.0
AGR,09:54:57,Buy Up,1400,16550.0,0.0
AGR,09:54:57,Buy Up,600,16550.0,0.0
AGR,09:54:50,Buy Up,600,16550.0,0.0
AGR,09:54:50,Buy Up,400,16550.0,50.0
AGR,09:54:43,Sell Down,4600,16500.0,-50.0
AGR,09:54:37,Buy Up,2000,16550.0,50.0
AGR,09:54:20,Sell Down,200,16500.0,-50.0
AGR,09:54:19,Buy Up,100,16550.0,0.0
AGR,09:54:00,Buy Up,500,16550.0,0.0
AGR,09:53:35,Buy Up,1500,16550.0,0.0
AGR,09:53:35,Buy Up,4000,16550.0,0.0
AGR,09:53:35,Buy Up,500,16550.0,50.0
AGR,09:53:29,Sell Down,300,16500.0,-50.0
AGR,09:53:28,Buy Up,500,16550.0,0.0
AGR,09:53:16,Buy Up,200,16550.0,0.0
AGR,09:53:16,Buy Up,300,16550.0,0.0
AGR,09:53:16,Buy Up,1500,16550.0,50.0
AGR,09:53:07,Sell Down,100,16500.0,0.0
AGR,09:52:56,Sell Down,200,16500.0,0.0
AGR,09:52:55,Buy Up,600,16500.0,0.0
AGR,09:52:55,Buy Up,2400,16500.0,0.0
AGR,09:52:53,Buy Up,100,16500.0,0.0
AGR,09:52:53,Buy Up,100,16500.0,0.0
AGR,09:52:53,Buy Up,1000,16500.0,0.0
AGR,09:52:53,Buy Up,1700,16500.0,0.0
AGR,09:52:53,Buy Up,3000,16500.0,0.0
AGR,09:52:53,Buy Up,6000,16500.0,0.0
AGR,09:52:53,Buy Up,3000,16500.0,0.0
AGR,09:52:53,Buy Up,2000,16500.0,0.0
AGR,09:52:53,Buy Up,2000,16500.0,0.0
AGR,09:52:53,Buy Up,1700,16500.0,0.0
AGR,09:52:53,Buy Up,3000,16500.0,0.0
AGR,09:52:53,Buy Up,5000,16500.0,0.0
AGR,09:52:53,Buy Up,1400,16500.0,0.0
AGR,09:52:51,Buy Up,100,16500.0,0.0
AGR,09:52:51,Buy Up,200,16500.0,0.0
AGR,09:52:51,Buy Up,100,16500.0,0.0
AGR,09:52:51,Buy Up,500,16500.0,0.0
AGR,09:52:51,Buy Up,100,16500.0,0.0
AGR,09:52:51,Buy Up,500,16500.0,0.0
AGR,09:52:51,Buy Up,500,16500.0,0.0
AGR,09:52:49,Buy Up,4000,16500.0,0.0
AGR,09:52:46,Buy Up,500,16500.0,0.0
AGR,09:52:46,Buy Up,1900,16500.0,0.0
AGR,09:52:45,Buy Up,1000,16500.0,0.0
AGR,09:52:44,Buy Up,2000,16500.0,0.0
AGR,09:52:44,Buy Up,2100,16500.0,0.0
AGR,09:52:44,Buy Up,100,16500.0,0.0
AGR,09:52:44,Buy Up,1500,16500.0,0.0
AGR,09:52:44,Buy Up,500,16500.0,0.0
AGR,09:52:44,Buy Up,1200,16500.0,0.0
AGR,09:52:44,Buy Up,1000,16500.0,0.0
AGR,09:52:44,Buy Up,200,16500.0,0.0
AGR,09:52:44,Buy Up,11100,16500.0,0.0
AGR,09:52:44,Buy Up,100,16500.0,0.0
AGR,09:52:44,Buy Up,200,16500.0,0.0
AGR,09:52:43,Buy Up,1000,16500.0,0.0
AGR,09:52:38,Buy Up,800,16500.0,0.0
AGR,09:52:38,Buy Up,100,16500.0,0.0
AGR,09:52:38,Buy Up,7900,16500.0,0.0
AGR,09:52:38,Buy Up,4000,16500.0,0.0
AGR,09:52:38,Buy Up,500,16500.0,0.0
AGR,09:52:38,Buy Up,100,16500.0,0.0
AGR,09:52:38,Buy Up,100,16500.0,0.0
AGR,09:52:38,Buy Up,400,16500.0,0.0
AGR,09:52:38,Buy Up,200,16500.0,0.0
AGR,09:52:38,Buy Up,100,16500.0,0.0
AGR,09:52:38,Buy Up,100,16500.0,0.0
AGR,09:52:38,Buy Up,100,16500.0,0.0
AGR,09:52:38,Buy Up,500,16500.0,0.0
AGR,09:52:38,Buy Up,100,16500.0,0.0
AGR,09:52:38,Buy Up,600,16500.0,0.0
AGR,09:52:37,Buy Up,1500,16500.0,0.0
AGR,09:52:36,Buy Up,900,16500.0,0.0
AGR,09:52:36,Buy Up,500,16500.0,0.0
AGR,09:52:36,Buy Up,600,16500.0,0.0
AGR,09:52:35,Buy Up,400,16500.0,0.0
AGR,09:52:35,Buy Up,100,16500.0,0.0
AGR,09:52:35,Buy Up,1400,16500.0,0.0
AGR,09:52:35,Buy Up,600,16500.0,0.0
AGR,09:52:32,Buy Up,1500,16500.0,0.0
AGR,09:52:31,Buy Up,100,16500.0,0.0
AGR,09:52:31,Buy Up,1000,16500.0,0.0
AGR,09:52:31,Buy Up,300,16500.0,0.0
AGR,09:52:31,Buy Up,500,16500.0,0.0
AGR,09:52:31,Buy Up,200,16500.0,0.0
AGR,09:52:31,Buy Up,2000,16500.0,0.0
AGR,09:52:31,Buy Up,100,16500.0,0.0
AGR,09:52:31,Buy Up,4500,16500.0,0.0
AGR,09:52:31,Buy Up,100,16500.0,0.0
AGR,09:52:31,Buy Up,4000,16500.0,0.0
AGR,09:52:31,Buy Up,200,16500.0,0.0
AGR,09:52:31,Buy Up,300,16500.0,0.0
AGR,09:52:31,Buy Up,1700,16500.0,0.0
AGR,09:52:31,Buy Up,100,16500.0,0.0
AGR,09:52:31,Buy Up,500,16500.0,0.0
AGR,09:52:31,Buy Up,4400,16500.0,0.0
AGR,09:52:28,Buy Up,500,16500.0,0.0
AGR,09:52:25,Buy Up,1000,16500.0,0.0
AGR,09:52:02,Buy Up,4000,16500.0,0.0
AGR,09:52:00,Buy Up,4100,16500.0,0.0
AGR,09:52:00,Buy Up,500,16500.0,0.0
AGR,09:52:00,Buy Up,1000,16500.0,0.0
AGR,09:52:00,Buy Up,5000,16500.0,0.0
AGR,09:52:00,Buy Up,1000,16500.0,0.0
AGR,09:52:00,Buy Up,1400,16500.0,0.0
AGR,09:51:55,Buy Up,100,16500.0,0.0
AGR,09:51:50,Buy Up,7500,16500.0,0.0
AGR,09:51:50,Buy Up,500,16500.0,0.0
AGR,09:51:50,Buy Up,2000,16500.0,0.0
AGR,09:51:47,Buy Up,100,16500.0,0.0
AGR,09:51:47,Buy Up,200,16500.0,0.0
AGR,09:51:47,Buy Up,100,16500.0,0.0
AGR,09:51:47,Buy Up,100,16500.0,0.0
AGR,09:51:41,Buy Up,100,16500.0,0.0
AGR,09:51:30,Buy Up,1000,16500.0,0.0
AGR,09:51:22,Buy Up,1000,16500.0,0.0
AGR,09:51:21,Buy Up,1900,16500.0,0.0
AGR,09:51:17,Buy Up,1500,16500.0,0.0
AGR,09:51:16,Buy Up,500,16500.0,0.0
AGR,09:51:12,Buy Up,2000,16500.0,0.0
AGR,09:51:11,Buy Up,1000,16500.0,0.0
AGR,09:50:50,Buy Up,300,16500.0,0.0
AGR,09:50:50,Buy Up,3900,16500.0,0.0
AGR,09:50:50,Buy Up,800,16500.0,0.0
AGR,09:50:36,Buy Up,1000,16500.0,0.0
AGR,09:50:26,Buy Up,3200,16500.0,0.0
AGR,09:50:26,Buy Up,300,16500.0,0.0
AGR,09:50:26,Buy Up,100,16500.0,0.0
AGR,09:50:26,Buy Up,500,16500.0,0.0
AGR,09:50:26,Buy Up,500,16500.0,0.0
AGR,09:50:26,Buy Up,2000,16500.0,0.0
AGR,09:50:26,Buy Up,4000,16500.0,0.0
AGR,09:50:26,Buy Up,8000,16500.0,0.0
AGR,09:50:26,Buy Up,1000,16500.0,0.0
AGR,09:50:26,Buy Up,5000,16500.0,0.0
AGR,09:50:26,Buy Up,25400,16500.0,50.0
AGR,09:50:02,Sell Down,2000,16450.0,-50.0
AGR,09:49:53,Buy Up,2000,16500.0,50.0
AGR,09:49:46,Sell Down,2000,16450.0,-50.0
AGR,09:49:32,Buy Up,2600,16500.0,0.0
AGR,09:49:32,Buy Up,200,16500.0,0.0
AGR,09:49:32,Buy Up,100,16500.0,0.0
AGR,09:49:32,Buy Up,700,16500.0,50.0
AGR,09:49:23,Sell Down,400,16450.0,0.0
AGR,09:49:23,Sell Down,1000,16450.0,0.0
AGR,09:49:23,Sell Down,600,16450.0,0.0
AGR,09:49:16,Sell Down,100,16450.0,0.0
AGR,09:49:08,Sell Down,200,16450.0,0.0
AGR,09:49:02,Sell Down,3000,16450.0,-50.0
AGR,09:48:58,Buy Up,300,16500.0,0.0
AGR,09:48:58,Buy Up,300,16500.0,0.0
AGR,09:48:58,Buy Up,300,16500.0,0.0
AGR,09:48:58,Buy Up,100,16500.0,50.0
AGR,09:48:55,Buy Up,100,16450.0,0.0
AGR,09:48:55,Buy Up,900,16450.0,0.0
AGR,09:48:55,Buy Up,200,16450.0,0.0
AGR,09:48:55,Buy Up,1000,16450.0,0.0
AGR,09:48:55,Buy Up,200,16450.0,0.0
AGR,09:48:55,Buy Up,200,16450.0,0.0
AGR,09:48:55,Buy Up,100,16450.0,0.0
AGR,09:48:55,Buy Up,2900,16450.0,0.0
AGR,09:48:54,Buy Up,2100,16450.0,0.0
AGR,09:48:54,Buy Up,2900,16450.0,0.0
AGR,09:48:53,Buy Up,500,16450.0,0.0
AGR,09:48:51,Buy Up,3000,16450.0,0.0
AGR,09:48:44,Buy Up,200,16450.0,0.0
AGR,09:48:41,Buy Up,2000,16450.0,0.0
AGR,09:48:39,Buy Up,1000,16450.0,0.0
AGR,09:48:34,Buy Up,200,16450.0,0.0
AGR,09:48:33,Buy Up,200,16450.0,0.0
AGR,09:48:33,Buy Up,800,16450.0,0.0
AGR,09:48:28,Buy Up,1200,16450.0,0.0
AGR,09:48:28,Buy Up,1200,16450.0,0.0
AGR,09:48:28,Buy Up,200,16450.0,0.0
AGR,09:48:28,Buy Up,400,16450.0,0.0
AGR,09:48:27,Buy Up,100,16450.0,0.0
AGR,09:48:27,Buy Up,400,16450.0,0.0
AGR,09:48:27,Buy Up,100,16450.0,0.0
AGR,09:48:25,Buy Up,300,16450.0,0.0
AGR,09:48:25,Buy Up,200,16450.0,0.0
AGR,09:48:25,Buy Up,300,16450.0,0.0
AGR,09:48:25,Buy Up,2700,16450.0,0.0
AGR,09:48:21,Buy Up,400,16450.0,0.0
AGR,09:48:20,Buy Up,1900,16450.0,0.0
AGR,09:48:20,Buy Up,3100,16450.0,0.0
AGR,09:47:58,Buy Up,500,16450.0,0.0
AGR,09:47:58,Buy Up,100,16450.0,0.0
AGR,09:47:58,Buy Up,100,16450.0,0.0
AGR,09:47:58,Buy Up,100,16450.0,0.0
AGR,09:47:58,Buy Up,200,16450.0,0.0
AGR,09:47:58,Buy Up,300,16450.0,0.0
AGR,09:47:57,Buy Up,1000,16450.0,0.0
AGR,09:47:57,Buy Up,3700,16450.0,0.0
AGR,09:47:57,Buy Up,30000,16450.0,0.0
AGR,09:47:57,Buy Up,300,16450.0,0.0
AGR,09:47:57,Buy Up,100,16450.0,0.0
AGR,09:47:57,Buy Up,100,16450.0,0.0
AGR,09:47:57,Buy Up,1000,16450.0,0.0
AGR,09:47:57,Buy Up,1000,16450.0,0.0
AGR,09:47:57,Buy Up,2400,16450.0,0.0
AGR,09:47:57,Buy Up,100,16450.0,0.0
AGR,09:47:57,Buy Up,2000,16450.0,0.0
AGR,09:47:57,Buy Up,300,16450.0,0.0
AGR,09:47:57,Buy Up,9000,16450.0,0.0
AGR,09:47:57,Buy Up,100,16450.0,0.0
AGR,09:47:57,Buy Up,500,16450.0,0.0
AGR,09:47:57,Buy Up,1000,16450.0,0.0
AGR,09:47:57,Buy Up,2000,16450.0,0.0
AGR,09:47:57,Buy Up,600,16450.0,0.0
AGR,09:47:57,Buy Up,1000,16450.0,0.0
AGR,09:47:57,Buy Up,15000,16450.0,0.0
AGR,09:47:57,Buy Up,2600,16450.0,0.0
AGR,09:47:57,Buy Up,21000,16450.0,0.0
AGR,09:47:57,Buy Up,1000,16450.0,0.0
AGR,09:47:57,Buy Up,500,16450.0,0.0
AGR,09:47:57,Buy Up,100,16450.0,0.0
AGR,09:47:57,Buy Up,3600,16450.0,0.0
AGR,09:47:34,Buy Up,1000,16450.0,0.0
AGR,09:47:31,Buy Up,200,16450.0,0.0
AGR,09:47:25,Buy Up,500,16450.0,0.0
AGR,09:47:19,Buy Up,700,16450.0,0.0
AGR,09:47:19,Buy Up,1200,16450.0,0.0
AGR,09:47:14,Buy Up,800,16450.0,0.0
AGR,09:47:14,Buy Up,800,16450.0,0.0
AGR,09:47:14,Buy Up,1400,16450.0,0.0
AGR,09:46:31,Buy Up,100,16450.0,50.0
AGR,09:46:24,Sell Down,100,16400.0,-50.0
AGR,09:46:22,Buy Up,100,16450.0,50.0
AGR,09:46:22,Sell Down,200,16400.0,0.0
AGR,09:46:22,Sell Down,6100,16400.0,0.0
AGR,09:46:22,Sell Down,3700,16400.0,-50.0
AGR,09:46:14,Buy Up,100,16450.0,0.0
AGR,09:46:08,Buy Up,1900,16450.0,0.0
AGR,09:45:50,Buy Up,500,16450.0,0.0
AGR,09:45:36,Buy Up,900,16450.0,0.0
AGR,09:45:36,Buy Up,500,16450.0,0.0
AGR,09:45:36,Buy Up,1000,16450.0,0.0
AGR,09:45:36,Buy Up,1000,16450.0,0.0
AGR,09:45:36,Buy Up,10800,16450.0,0.0
AGR,09:45:36,Buy Up,5000,16450.0,0.0
AGR,09:45:36,Buy Up,100,16450.0,0.0
AGR,09:45:36,Buy Up,100,16450.0,0.0
AGR,09:45:36,Buy Up,200,16450.0,0.0
AGR,09:45:36,Buy Up,400,16450.0,0.0
AGR,09:45:01,Buy Up,1600,16450.0,0.0
AGR,09:45:01,Buy Up,400,16450.0,0.0
AGR,09:44:43,Buy Up,100,16450.0,0.0
AGR,09:44:43,Buy Up,100,16450.0,0.0
AGR,09:44:43,Buy Up,1000,16450.0,0.0
AGR,09:44:43,Buy Up,500,16450.0,0.0
AGR,09:44:43,Buy Up,300,16450.0,0.0
AGR,09:44:41,Buy Up,200,16450.0,0.0
AGR,09:44:29,Buy Up,1700,16450.0,0.0
AGR,09:44:17,Buy Up,100,16450.0,0.0
AGR,09:44:01,Sell Down,3000,16450.0,0.0
AGR,09:44:01,Sell Down,500,16450.0,0.0
AGR,09:44:01,Sell Down,800,16450.0,0.0
AGR,09:43:58,Sell Down,800,16450.0,0.0
AGR,09:43:58,Sell Down,200,16450.0,0.0
AGR,09:43:57,Sell Down,500,16450.0,0.0
AGR,09:43:53,Sell Down,100,16450.0,0.0
AGR,09:43:50,Sell Down,300,16450.0,0.0
AGR,09:43:49,Sell Down,400,16450.0,0.0
AGR,09:43:46,Sell Down,1000,16450.0,0.0
AGR,09:43:43,Sell Down,1000,16450.0,0.0
AGR,09:43:27,Sell Down,200,16450.0,0.0
AGR,09:43:27,Sell Down,200,16450.0,0.0
AGR,09:43:26,Sell Down,100,16450.0,0.0
AGR,09:43:22,Sell Down,4000,16450.0,0.0
AGR,09:43:08,Sell Down,100,16450.0,0.0
AGR,09:43:00,Sell Down,100,16450.0,0.0
AGR,09:42:59,Buy Up,500,16450.0,0.0
AGR,09:42:59,Buy Up,5000,16450.0,0.0
AGR,09:42:59,Buy Up,1000,16450.0,0.0
AGR,09:42:59,Buy Up,10000,16450.0,0.0
AGR,09:42:59,Buy Up,1000,16450.0,0.0
AGR,09:42:59,Buy Up,100,16450.0,0.0
AGR,09:42:59,Buy Up,1800,16450.0,0.0
AGR,09:42:59,Buy Up,4000,16450.0,0.0
AGR,09:42:59,Buy Up,500,16450.0,0.0
AGR,09:42:59,Buy Up,100,16450.0,0.0
AGR,09:42:59,Buy Up,700,16450.0,0.0
AGR,09:42:59,Buy Up,500,16450.0,0.0
AGR,09:42:59,Buy Up,100,16450.0,0.0
AGR,09:42:59,Buy Up,1200,16450.0,0.0
AGR,09:42:59,Buy Up,15000,16450.0,0.0
AGR,09:42:59,Buy Up,500,16450.0,0.0
AGR,09:42:59,Buy Up,5000,16450.0,0.0
AGR,09:42:59,Buy Up,300,16450.0,0.0
AGR,09:42:59,Buy Up,100,16450.0,0.0
AGR,09:42:59,Buy Up,500,16450.0,0.0
AGR,09:42:59,Buy Up,3300,16450.0,0.0
AGR,09:42:47,Buy Up,1800,16450.0,0.0
AGR,09:42:37,Buy Up,300,16450.0,0.0
AGR,09:42:37,Buy Up,200,16450.0,0.0
AGR,09:42:31,Buy Up,500,16450.0,0.0
AGR,09:42:31,Buy Up,500,16450.0,0.0
AGR,09:42:31,Buy Up,2500,16450.0,0.0
AGR,09:42:31,Buy Up,300,16450.0,0.0
AGR,09:42:31,Buy Up,200,16450.0,0.0
AGR,09:42:31,Buy Up,300,16450.0,0.0
AGR,09:42:31,Buy Up,700,16450.0,0.0
AGR,09:42:25,Buy Up,800,16450.0,0.0
AGR,09:42:25,Buy Up,500,16450.0,0.0
AGR,09:42:25,Buy Up,400,16450.0,0.0
AGR,09:42:25,Buy Up,200,16450.0,0.0
AGR,09:42:25,Buy Up,1000,16450.0,0.0
AGR,09:42:25,Buy Up,2000,16450.0,0.0
AGR,09:42:25,Buy Up,100,16450.0,0.0
AGR,09:42:06,Buy Up,800,16450.0,50.0
AGR,09:41:58,Sell Down,100,16400.0,-50.0
AGR,09:41:49,Buy Up,300,16450.0,0.0
AGR,09:41:49,Buy Up,100,16450.0,50.0
AGR,09:41:39,Sell Down,500,16400.0,0.0
AGR,09:41:36,Sell Down,1000,16400.0,0.0
AGR,09:41:27,Buy Up,2000,16400.0,0.0
AGR,09:41:27,Buy Up,3100,16400.0,0.0
AGR,09:41:27,Buy Up,100,16400.0,0.0
AGR,09:41:27,Buy Up,1000,16400.0,0.0
AGR,09:41:27,Buy Up,100,16400.0,0.0
AGR,09:41:27,Buy Up,100,16400.0,0.0
AGR,09:41:27,Buy Up,1000,16400.0,0.0
AGR,09:41:27,Buy Up,100,16400.0,0.0
AGR,09:41:27,Buy Up,100,16400.0,0.0
AGR,09:41:27,Buy Up,100,16400.0,0.0
AGR,09:41:27,Buy Up,100,16400.0,0.0
AGR,09:41:27,Buy Up,200,16400.0,0.0
AGR,09:41:27,Buy Up,500,16400.0,0.0
AGR,09:41:27,Buy Up,100,16400.0,0.0
AGR,09:41:27,Buy Up,100,16400.0,0.0
AGR,09:41:25,Buy Up,100,16400.0,0.0
AGR,09:41:25,Buy Up,300,16400.0,0.0
AGR,09:41:24,Buy Up,500,16400.0,0.0
AGR,09:41:21,Buy Up,200,16400.0,0.0
AGR,09:41:19,Buy Up,900,16400.0,0.0
AGR,09:41:19,Buy Up,300,16400.0,0.0
AGR,09:41:19,Buy Up,100,16400.0,0.0
AGR,09:41:19,Buy Up,700,16400.0,0.0
AGR,09:41:17,Buy Up,400,16400.0,0.0
AGR,09:41:17,Buy Up,100,16400.0,0.0
AGR,09:41:17,Buy Up,100,16400.0,0.0
AGR,09:41:17,Buy Up,400,16400.0,0.0
AGR,09:41:17,Buy Up,100,16400.0,0.0
AGR,09:41:17,Buy Up,100,16400.0,0.0
AGR,09:41:17,Buy Up,100,16400.0,0.0
AGR,09:41:17,Buy Up,300,16400.0,0.0
AGR,09:41:17,Buy Up,2600,16400.0,0.0
AGR,09:41:17,Buy Up,200,16400.0,0.0
AGR,09:41:17,Buy Up,100,16400.0,0.0
AGR,09:41:17,Buy Up,100,16400.0,0.0
AGR,09:41:17,Buy Up,2000,16400.0,0.0
AGR,09:41:17,Buy Up,4700,16400.0,0.0
AGR,09:41:17,Buy Up,300,16400.0,0.0
AGR,09:41:14,Buy Up,200,16400.0,0.0
AGR,09:41:14,Buy Up,100,16400.0,0.0
AGR,09:41:14,Buy Up,100,16400.0,0.0
AGR,09:41:14,Buy Up,200,16400.0,0.0
AGR,09:41:14,Buy Up,1000,16400.0,0.0
AGR,09:41:14,Buy Up,1000,16400.0,0.0
AGR,09:41:14,Buy Up,200,16400.0,0.0
AGR,09:41:14,Buy Up,200,16400.0,0.0
AGR,09:41:12,Buy Up,500,16400.0,0.0
AGR,09:41:12,Buy Up,500,16400.0,0.0
AGR,09:41:12,Buy Up,500,16400.0,0.0
AGR,09:41:12,Buy Up,200,16400.0,0.0
AGR,09:41:12,Buy Up,6000,16400.0,0.0
AGR,09:41:12,Buy Up,1500,16400.0,0.0
AGR,09:41:12,Buy Up,300,16400.0,0.0
AGR,09:41:12,Buy Up,3000,16400.0,0.0
AGR,09:41:12,Buy Up,3000,16400.0,0.0
AGR,09:41:12,Buy Up,3000,16400.0,0.0
AGR,09:41:12,Buy Up,1000,16400.0,0.0
AGR,09:41:12,Buy Up,25000,16400.0,0.0
AGR,09:41:12,Buy Up,11500,16400.0,0.0
AGR,09:41:09,Buy Up,5000,16400.0,50.0
AGR,09:41:05,Sell Down,100,16350.0,-50.0
AGR,09:41:04,Buy Up,500,16400.0,0.0
AGR,09:41:01,Buy Up,2100,16400.0,0.0
AGR,09:40:57,Buy Up,200,16400.0,0.0
AGR,09:40:55,Buy Up,900,16400.0,0.0
AGR,09:40:51,Buy Up,1000,16400.0,0.0
AGR,09:40:51,Buy Up,1200,16400.0,0.0
AGR,09:40:49,Buy Up,500,16400.0,0.0
AGR,09:40:42,Buy Up,200,16400.0,0.0
AGR,09:40:37,Buy Up,200,16400.0,0.0
AGR,09:40:37,Buy Up,200,16400.0,0.0
AGR,09:40:36,Buy Up,200,16400.0,0.0
AGR,09:40:28,Buy Up,1300,16400.0,0.0
AGR,09:40:28,Buy Up,4700,16400.0,0.0
AGR,09:40:27,Buy Up,2000,16400.0,0.0
AGR,09:40:26,Buy Up,1000,16400.0,0.0
AGR,09:40:23,Buy Up,500,16400.0,0.0
AGR,09:40:21,Buy Up,1400,16400.0,0.0
AGR,09:40:15,Buy Up,5000,16400.0,50.0
AGR,09:40:13,Sell Down,100,16350.0,0.0
AGR,09:40:13,Sell Down,100,16350.0,-50.0
AGR,09:39:51,Buy Up,100,16400.0,0.0
AGR,09:39:46,Buy Up,100,16400.0,50.0
AGR,09:39:38,Sell Down,100,16350.0,0.0
AGR,09:39:38,Sell Down,300,16350.0,-50.0
AGR,09:39:37,Buy Up,2000,16400.0,50.0
AGR,09:39:19,Sell Down,200,16350.0,0.0
AGR,09:39:19,Sell Down,200,16350.0,0.0
AGR,09:39:15,Sell Down,100,16350.0,0.0
AGR,09:39:10,Sell Down,200,16350.0,0.0
AGR,09:39:08,Sell Down,2000,16350.0,0.0
AGR,09:39:04,Sell Down,500,16350.0,0.0
AGR,09:39:04,Sell Down,500,16350.0,0.0
AGR,09:39:01,Sell Down,1000,16350.0,0.0
AGR,09:38:56,Sell Down,1000,16350.0,0.0
AGR,09:38:51,Buy Up,300,16350.0,0.0
AGR,09:38:51,Buy Up,100,16350.0,0.0
AGR,09:38:51,Buy Up,100,16350.0,0.0
AGR,09:38:51,Buy Up,800,16350.0,0.0
AGR,09:38:51,Buy Up,700,16350.0,0.0
AGR,09:38:48,Buy Up,200,16350.0,0.0
AGR,09:38:42,Buy Up,1600,16350.0,0.0
AGR,09:38:41,Sell Down,300,16350.0,0.0
AGR,09:38:41,Sell Down,100,16350.0,0.0
AGR,09:38:41,Sell Down,5000,16350.0,0.0
AGR,09:38:41,Sell Down,2100,16350.0,0.0
AGR,09:38:35,Sell Down,900,16350.0,0.0
AGR,09:38:35,Sell Down,1000,16350.0,0.0
AGR,09:38:35,Sell Down,500,16350.0,0.0
AGR,09:38:35,Sell Down,7600,16350.0,-50.0
AGR,09:38:34,Buy Up,1000,16400.0,50.0
AGR,09:38:33,Sell Down,1000,16350.0,0.0
AGR,09:38:32,Sell Down,400,16350.0,0.0
AGR,09:38:32,Sell Down,1600,16350.0,-50.0
AGR,09:38:23,Buy Up,200,16400.0,0.0
AGR,09:38:18,Buy Up,1000,16400.0,0.0
AGR,09:37:58,Buy Up,1000,16400.0,50.0
AGR,09:37:41,Buy Up,200,16350.0,0.0
AGR,09:37:41,Buy Up,1500,16350.0,0.0
AGR,09:37:41,Buy Up,100,16350.0,0.0
AGR,09:37:41,Buy Up,10000,16350.0,0.0
AGR,09:37:41,Buy Up,1000,16350.0,0.0
AGR,09:37:41,Buy Up,300,16350.0,0.0
AGR,09:37:41,Buy Up,1500,16350.0,0.0
AGR,09:37:41,Buy Up,200,16350.0,0.0
AGR,09:37:41,Buy Up,200,16350.0,0.0
AGR,09:37:41,Buy Up,300,16350.0,0.0
AGR,09:37:41,Buy Up,7100,16350.0,0.0
AGR,09:37:39,Buy Up,200,16350.0,0.0
AGR,09:37:35,Buy Up,700,16350.0,0.0
AGR,09:37:28,Buy Up,3000,16350.0,0.0
AGR,09:37:28,Buy Up,300,16350.0,0.0
AGR,09:37:28,Buy Up,1000,16350.0,0.0
AGR,09:37:28,Buy Up,5200,16350.0,0.0
AGR,09:37:28,Buy Up,500,16350.0,0.0
AGR,09:37:15,Buy Up,1200,16350.0,50.0
AGR,09:36:52,Sell Down,200,16300.0,0.0
AGR,09:36:52,Sell Down,100,16300.0,0.0
AGR,09:36:52,Sell Down,200,16300.0,0.0
AGR,09:36:52,Sell Down,100,16300.0,0.0
AGR,09:36:52,Sell Down,2000,16300.0,0.0
AGR,09:36:52,Sell Down,100,16300.0,0.0
AGR,09:36:52,Sell Down,100,16300.0,0.0
AGR,09:36:52,Sell Down,200,16300.0,0.0
AGR,09:36:52,Sell Down,1900,16300.0,0.0
AGR,09:36:52,Sell Down,1300,16300.0,0.0
AGR,09:36:52,Sell Down,300,16300.0,0.0
AGR,09:36:52,Sell Down,1000,16300.0,0.0
AGR,09:36:52,Sell Down,500,16300.0,0.0
AGR,09:36:52,Sell Down,2000,16300.0,0.0
AGR,09:36:52,Sell Down,100,16300.0,0.0
AGR,09:36:52,Buy Up,2400,16300.0,0.0
AGR,09:36:52,Buy Up,1000,16300.0,0.0
AGR,09:36:52,Buy Up,100,16300.0,0.0
AGR,09:36:52,Buy Up,500,16300.0,0.0
AGR,09:36:52,Buy Up,6800,16300.0,0.0
AGR,09:36:43,Buy Up,100,16300.0,0.0
AGR,09:36:40,Buy Up,2000,16300.0,0.0
AGR,09:36:37,Buy Up,1000,16300.0,0.0
AGR,09:36:33,Buy Up,1300,16300.0,0.0
AGR,09:36:32,Buy Up,1000,16300.0,0.0
AGR,09:36:27,Buy Up,2800,16300.0,0.0
AGR,09:36:27,Buy Up,1000,16300.0,0.0
AGR,09:36:27,Buy Up,200,16300.0,0.0
AGR,09:36:27,Buy Up,1000,16300.0,0.0
AGR,09:36:24,Buy Up,500,16300.0,0.0
AGR,09:36:22,Buy Up,500,16300.0,0.0
AGR,09:36:22,Buy Up,100,16300.0,0.0
AGR,09:36:22,Buy Up,100,16300.0,0.0
AGR,09:36:22,Buy Up,1300,16300.0,0.0
AGR,09:36:18,Buy Up,400,16300.0,0.0
AGR,09:36:18,Buy Up,100,16300.0,0.0
AGR,09:36:18,Buy Up,300,16300.0,0.0
AGR,09:36:10,Buy Up,100,16300.0,0.0
AGR,09:36:10,Buy Up,100,16300.0,0.0
AGR,09:36:10,Buy Up,200,16300.0,0.0
AGR,09:36:10,Buy Up,600,16300.0,0.0
AGR,09:36:09,Buy Up,400,16300.0,0.0
AGR,09:36:05,Buy Up,3000,16300.0,0.0
AGR,09:36:05,Buy Up,1800,16300.0,0.0
AGR,09:36:03,Buy Up,200,16300.0,0.0
AGR,09:36:03,Buy Up,1500,16300.0,0.0
AGR,09:36:03,Buy Up,200,16300.0,0.0
AGR,09:36:03,Buy Up,300,16300.0,0.0
AGR,09:36:03,Buy Up,600,16300.0,0.0
AGR,09:36:03,Buy Up,800,16300.0,50.0
AGR,09:35:43,Sell Down,2100,16250.0,-50.0
