ticker,time,orderType,volume,price,prevPriceChange
NVL,10:52:57,Sell Down,100,17000.0,0.0
NVL,10:52:48,Sell Down,300,17000.0,0.0
NVL,10:52:45,Sell Down,5900,17000.0,0.0
NVL,10:52:42,Sell Down,1000,17000.0,0.0
NVL,10:52:42,Sell Down,1000,17000.0,0.0
NVL,10:52:34,Sell Down,1000,17000.0,0.0
NVL,10:52:29,Sell Down,1000,17000.0,0.0
NVL,10:52:24,Sell Down,1000,17000.0,0.0
NVL,10:52:17,Sell Down,400,17000.0,0.0
NVL,10:52:09,Sell Down,400,17000.0,0.0
NVL,10:51:43,Sell Down,1000,17000.0,0.0
NVL,10:51:36,Sell Down,200,17000.0,0.0
NVL,10:51:26,Sell Down,1000,17000.0,-50.0
NVL,10:51:25,Buy Up,200,17050.0,0.0
NVL,10:51:09,Buy Up,3000,17050.0,50.0
NVL,10:51:06,Sell Down,800,17000.0,0.0
NVL,10:51:04,Sell Down,100,17000.0,0.0
NVL,10:51:03,Sell Down,500,17000.0,0.0
NVL,10:51:00,Sell Down,8000,17000.0,0.0
NVL,10:50:58,Sell Down,500,17000.0,0.0
NVL,10:50:55,Sell Down,1400,17000.0,0.0
NVL,10:50:45,Sell Down,10000,17000.0,0.0
NVL,10:50:43,Sell Down,10000,17000.0,0.0
NVL,10:50:42,Sell Down,500,17000.0,0.0
NVL,10:50:42,Sell Down,400,17000.0,-50.0
NVL,10:50:42,Buy Up,100,17050.0,50.0
NVL,10:50:33,Sell Down,5000,17000.0,0.0
NVL,10:50:32,Sell Down,154700,17000.0,0.0
NVL,10:50:12,Sell Down,100000,17000.0,0.0
NVL,10:50:01,Sell Down,10800,17000.0,0.0
NVL,10:50:01,Sell Down,300,17000.0,0.0
NVL,10:50:01,Sell Down,1000,17000.0,0.0
NVL,10:50:01,Sell Down,10000,17000.0,0.0
NVL,10:50:01,Sell Down,1000,17000.0,0.0
NVL,10:50:01,Sell Down,200,17000.0,0.0
NVL,10:50:01,Sell Down,5000,17000.0,0.0
NVL,10:50:01,Sell Down,1000,17000.0,0.0
NVL,10:50:01,Sell Down,200,17000.0,0.0
NVL,10:50:01,Sell Down,100,17000.0,0.0
NVL,10:50:01,Sell Down,500,17000.0,0.0
NVL,10:50:01,Sell Down,2000,17000.0,0.0
NVL,10:50:01,Sell Down,500,17000.0,0.0
NVL,10:50:01,Sell Down,200,17000.0,0.0
NVL,10:50:01,Sell Down,300,17000.0,0.0
NVL,10:50:01,Sell Down,200,17000.0,0.0
NVL,10:50:01,Sell Down,100,17000.0,0.0
NVL,10:50:01,Sell Down,1000,17000.0,0.0
NVL,10:50:01,Sell Down,5000,17000.0,0.0
NVL,10:50:01,Sell Down,200,17000.0,0.0
NVL,10:50:01,Sell Down,200,17000.0,0.0
NVL,10:50:01,Sell Down,5000,17000.0,0.0
NVL,10:50:01,Sell Down,2000,17000.0,0.0
NVL,10:50:01,Sell Down,2000,17000.0,0.0
NVL,10:50:01,Sell Down,2000,17000.0,0.0
NVL,10:50:01,Sell Down,800,17000.0,0.0
NVL,10:50:01,Sell Down,2000,17000.0,0.0
NVL,10:50:01,Sell Down,300,17000.0,0.0
NVL,10:50:01,Sell Down,1000,17000.0,0.0
NVL,10:50:01,Sell Down,6000,17000.0,0.0
NVL,10:50:01,Sell Down,100,17000.0,0.0
NVL,10:50:01,Sell Down,3200,17000.0,0.0
NVL,10:50:01,Sell Down,1000,17000.0,0.0
NVL,10:50:01,Sell Down,5000,17000.0,0.0
NVL,10:50:01,Sell Down,1000,17000.0,0.0
NVL,10:50:01,Sell Down,50000,17000.0,0.0
NVL,10:50:01,Sell Down,200,17000.0,0.0
NVL,10:50:01,Sell Down,100,17000.0,0.0
NVL,10:50:01,Sell Down,1000,17000.0,0.0
NVL,10:50:01,Sell Down,500,17000.0,0.0
NVL,10:50:01,Sell Down,200,17000.0,0.0
NVL,10:50:01,Sell Down,500,17000.0,0.0
NVL,10:50:01,Sell Down,1000,17000.0,0.0
NVL,10:50:01,Sell Down,2000,17000.0,0.0
NVL,10:50:01,Sell Down,500,17000.0,0.0
NVL,10:50:01,Sell Down,3000,17000.0,0.0
NVL,10:50:01,Sell Down,200,17000.0,0.0
NVL,10:50:01,Sell Down,500,17000.0,0.0
NVL,10:50:01,Sell Down,200,17000.0,0.0
NVL,10:50:01,Sell Down,5000,17000.0,0.0
NVL,10:50:01,Sell Down,2000,17000.0,0.0
NVL,10:50:01,Sell Down,500,17000.0,0.0
NVL,10:50:01,Sell Down,5000,17000.0,0.0
NVL,10:50:01,Sell Down,5000,17000.0,0.0
NVL,10:50:01,Sell Down,5000,17000.0,0.0
NVL,10:50:01,Sell Down,5000,17000.0,0.0
NVL,10:50:01,Sell Down,5000,17000.0,0.0
NVL,10:50:01,Sell Down,5000,17000.0,0.0
NVL,10:50:01,Sell Down,5000,17000.0,0.0
NVL,10:50:01,Sell Down,5000,17000.0,0.0
NVL,10:50:01,Sell Down,5000,17000.0,0.0
NVL,10:50:01,Sell Down,6000,17000.0,0.0
NVL,10:50:01,Sell Down,5000,17000.0,0.0
NVL,10:50:01,Sell Down,20000,17000.0,0.0
NVL,10:50:01,Sell Down,5000,17000.0,0.0
NVL,10:50:01,Sell Down,1000,17000.0,0.0
NVL,10:50:01,Sell Down,5000,17000.0,0.0
NVL,10:50:01,Sell Down,5000,17000.0,0.0
NVL,10:50:01,Sell Down,300,17000.0,0.0
NVL,10:50:01,Sell Down,3900,17000.0,0.0
NVL,10:50:01,Sell Down,300,17000.0,0.0
NVL,10:50:01,Sell Down,300,17000.0,0.0
NVL,10:50:01,Sell Down,5000,17000.0,0.0
NVL,10:50:01,Sell Down,300,17000.0,0.0
NVL,10:50:01,Sell Down,5000,17000.0,0.0
NVL,10:50:01,Sell Down,3000,17000.0,0.0
NVL,10:50:01,Sell Down,200,17000.0,0.0
NVL,10:50:01,Sell Down,1300,17000.0,0.0
NVL,10:50:01,Sell Down,5000,17000.0,0.0
NVL,10:50:01,Sell Down,100,17000.0,0.0
NVL,10:50:01,Sell Down,400,17000.0,0.0
NVL,10:50:01,Sell Down,1000,17000.0,0.0
NVL,10:50:01,Sell Down,1500,17000.0,0.0
NVL,10:50:01,Sell Down,1000,17000.0,0.0
NVL,10:50:01,Sell Down,1000,17000.0,0.0
NVL,10:50:01,Sell Down,1000,17000.0,0.0
NVL,10:50:01,Sell Down,1000,17000.0,0.0
NVL,10:50:01,Sell Down,100000,17000.0,0.0
NVL,10:50:01,Sell Down,8000,17000.0,0.0
NVL,10:50:01,Sell Down,5000,17000.0,0.0
NVL,10:50:01,Sell Down,1000,17000.0,0.0
NVL,10:50:01,Sell Down,5000,17000.0,0.0
NVL,10:50:01,Sell Down,5000,17000.0,0.0
NVL,10:50:01,Sell Down,1000,17000.0,0.0
NVL,10:50:01,Sell Down,1000,17000.0,0.0
NVL,10:50:01,Sell Down,2000,17000.0,0.0
NVL,10:50:01,Sell Down,100,17000.0,0.0
NVL,10:49:55,Sell Down,400,17000.0,0.0
NVL,10:49:55,Sell Down,100,17000.0,0.0
NVL,10:49:55,Sell Down,200,17000.0,0.0
NVL,10:49:55,Sell Down,1000,17000.0,0.0
NVL,10:49:55,Sell Down,2300,17000.0,-50.0
NVL,10:49:50,Buy Up,200,17050.0,50.0
NVL,10:49:45,Sell Down,100,17000.0,-50.0
NVL,10:49:43,Buy Up,100,17050.0,0.0
NVL,10:49:41,Buy Up,4800,17050.0,0.0
NVL,10:49:14,Buy Up,1700,17050.0,0.0
NVL,10:49:14,Buy Up,1200,17050.0,50.0
NVL,10:49:12,Sell Down,600,17000.0,-50.0
NVL,10:49:04,Buy Up,100,17050.0,0.0
NVL,10:48:55,Buy Up,500,17050.0,50.0
NVL,10:48:53,Sell Down,5000,17000.0,0.0
NVL,10:48:42,Sell Down,2000,17000.0,0.0
NVL,10:48:42,Sell Down,500,17000.0,0.0
NVL,10:48:42,Sell Down,1500,17000.0,0.0
NVL,10:48:42,Sell Down,2000,17000.0,0.0
NVL,10:48:42,Sell Down,14000,17000.0,-50.0
NVL,10:48:35,Buy Up,6300,17050.0,0.0
NVL,10:48:31,Buy Up,1000,17050.0,0.0
NVL,10:48:25,Buy Up,2000,17050.0,0.0
NVL,10:48:14,Buy Up,27400,17050.0,0.0
NVL,10:48:14,Buy Up,800,17050.0,0.0
NVL,10:48:14,Buy Up,2000,17050.0,0.0
NVL,10:48:14,Buy Up,500,17050.0,0.0
NVL,10:48:14,Buy Up,500,17050.0,0.0
NVL,10:48:14,Buy Up,1000,17050.0,0.0
NVL,10:48:14,Buy Up,7500,17050.0,0.0
NVL,10:48:14,Buy Up,1000,17050.0,0.0
NVL,10:48:14,Buy Up,1000,17050.0,0.0
NVL,10:48:14,Buy Up,1000,17050.0,0.0
NVL,10:48:14,Buy Up,3000,17050.0,0.0
NVL,10:48:14,Buy Up,2000,17050.0,0.0
NVL,10:48:14,Buy Up,500,17050.0,0.0
NVL,10:48:14,Buy Up,15000,17050.0,0.0
NVL,10:48:14,Buy Up,200,17050.0,0.0
NVL,10:48:14,Buy Up,1500,17050.0,0.0
NVL,10:48:14,Buy Up,1000,17050.0,0.0
NVL,10:48:14,Buy Up,900,17050.0,0.0
NVL,10:48:14,Buy Up,1000,17050.0,0.0
NVL,10:48:14,Buy Up,6000,17050.0,0.0
NVL,10:48:14,Buy Up,200,17050.0,0.0
NVL,10:48:05,Buy Up,14000,17050.0,0.0
NVL,10:48:05,Buy Up,12000,17050.0,0.0
NVL,10:48:05,Buy Up,1000,17050.0,0.0
NVL,10:48:05,Buy Up,6000,17050.0,0.0
NVL,10:48:05,Buy Up,200,17050.0,0.0
NVL,10:48:05,Buy Up,300,17050.0,0.0
NVL,10:48:05,Buy Up,100,17050.0,0.0
NVL,10:48:05,Buy Up,5000,17050.0,0.0
NVL,10:48:05,Buy Up,1000,17050.0,0.0
NVL,10:48:05,Buy Up,5000,17050.0,0.0
NVL,10:48:05,Buy Up,100,17050.0,0.0
NVL,10:48:05,Buy Up,200,17050.0,0.0
NVL,10:48:05,Buy Up,500,17050.0,0.0
NVL,10:48:05,Buy Up,200,17050.0,0.0
NVL,10:48:05,Buy Up,400,17050.0,0.0
NVL,10:48:05,Buy Up,100,17050.0,0.0
NVL,10:48:05,Buy Up,200,17050.0,0.0
NVL,10:48:05,Buy Up,800,17050.0,0.0
NVL,10:48:05,Buy Up,2000,17050.0,0.0
NVL,10:48:05,Buy Up,800,17050.0,0.0
NVL,10:48:05,Buy Up,1100,17050.0,0.0
NVL,10:48:05,Buy Up,20000,17050.0,0.0
NVL,10:48:05,Buy Up,2000,17050.0,0.0
NVL,10:48:05,Buy Up,2000,17050.0,0.0
NVL,10:48:05,Buy Up,1000,17050.0,0.0
NVL,10:48:05,Buy Up,13100,17050.0,0.0
NVL,10:48:05,Buy Up,200,17050.0,0.0
NVL,10:48:05,Buy Up,10000,17050.0,0.0
NVL,10:48:05,Buy Up,2000,17050.0,0.0
NVL,10:48:05,Buy Up,200,17050.0,0.0
NVL,10:48:05,Buy Up,5300,17050.0,0.0
NVL,10:48:05,Buy Up,1000,17050.0,0.0
NVL,10:48:05,Buy Up,1000,17050.0,0.0
NVL,10:48:05,Buy Up,5000,17050.0,0.0
NVL,10:48:05,Buy Up,11700,17050.0,0.0
NVL,10:48:05,Buy Up,500,17050.0,0.0
NVL,10:47:51,Buy Up,100,17050.0,50.0
NVL,10:47:19,Sell Down,100,17000.0,0.0
NVL,10:47:11,Sell Down,7000,17000.0,-50.0
NVL,10:46:59,Buy Up,100,17050.0,50.0
NVL,10:46:34,Sell Down,100,17000.0,-50.0
NVL,10:46:34,Buy Up,100,17050.0,0.0
NVL,10:46:29,Buy Up,2000,17050.0,50.0
NVL,10:46:27,Sell Down,2000,17000.0,-50.0
NVL,10:46:26,Buy Up,200,17050.0,0.0
NVL,10:46:26,Buy Up,200,17050.0,0.0
NVL,10:46:26,Buy Up,200,17050.0,0.0
NVL,10:46:26,Buy Up,100,17050.0,0.0
NVL,10:46:24,Buy Up,200,17050.0,0.0
NVL,10:46:24,Buy Up,700,17050.0,0.0
NVL,10:46:24,Buy Up,500,17050.0,0.0
NVL,10:46:24,Buy Up,3600,17050.0,50.0
NVL,10:46:22,Sell Down,5800,17000.0,0.0
NVL,10:45:57,Sell Down,400,17000.0,0.0
NVL,10:45:57,Sell Down,100,17000.0,0.0
NVL,10:45:42,Sell Down,1000,17000.0,0.0
NVL,10:45:20,Sell Down,100,17000.0,-50.0
NVL,10:45:11,Buy Up,1000,17050.0,50.0
NVL,10:45:03,Sell Down,300,17000.0,-50.0
NVL,10:44:54,Buy Up,1400,17050.0,0.0
NVL,10:44:54,Buy Up,2000,17050.0,0.0
NVL,10:44:52,Buy Up,1000,17050.0,0.0
NVL,10:44:44,Buy Up,100,17050.0,0.0
NVL,10:44:31,Buy Up,2000,17050.0,0.0
NVL,10:44:27,Buy Up,11400,17050.0,0.0
NVL,10:44:08,Buy Up,5000,17050.0,50.0
NVL,10:43:47,Sell Down,200,17000.0,-50.0
NVL,10:43:45,Buy Up,100,17050.0,50.0
NVL,10:43:42,Sell Down,300,17000.0,0.0
NVL,10:43:23,Sell Down,100,17000.0,-50.0
NVL,10:43:12,Buy Up,600,17050.0,0.0
NVL,10:42:58,Buy Up,300,17050.0,50.0
NVL,10:42:51,Sell Down,1000,17000.0,-50.0
NVL,10:42:44,Buy Up,3000,17050.0,0.0
NVL,10:42:37,Buy Up,100,17050.0,0.0
NVL,10:42:28,Buy Up,6000,17050.0,0.0
NVL,10:42:20,Buy Up,5000,17050.0,0.0
NVL,10:41:30,Buy Up,1000,17050.0,0.0
NVL,10:41:29,Sell Down,2300,17050.0,0.0
NVL,10:41:29,Sell Down,2000,17050.0,0.0
NVL,10:41:29,Sell Down,500,17050.0,0.0
NVL,10:41:29,Sell Down,1000,17050.0,0.0
NVL,10:41:29,Sell Down,2000,17050.0,0.0
NVL,10:41:29,Sell Down,12600,17050.0,0.0
NVL,10:41:29,Sell Down,3000,17050.0,0.0
NVL,10:41:29,Sell Down,500,17050.0,0.0
NVL,10:41:29,Sell Down,200,17050.0,0.0
NVL,10:41:29,Sell Down,41300,17050.0,0.0
NVL,10:41:27,Sell Down,2000,17050.0,0.0
NVL,10:41:25,Sell Down,2000,17050.0,0.0
NVL,10:41:20,Sell Down,3000,17050.0,0.0
NVL,10:41:19,Sell Down,7600,17050.0,0.0
NVL,10:41:17,Sell Down,100,17050.0,0.0
NVL,10:40:59,Sell Down,100,17050.0,0.0
NVL,10:40:58,Sell Down,700,17050.0,0.0
NVL,10:40:56,Sell Down,1500,17050.0,0.0
NVL,10:40:53,Sell Down,5000,17050.0,0.0
NVL,10:40:40,Sell Down,2000,17050.0,0.0
NVL,10:40:25,Sell Down,10900,17050.0,0.0
NVL,10:40:25,Sell Down,400,17050.0,0.0
NVL,10:40:17,Sell Down,10000,17050.0,0.0
NVL,10:40:13,Sell Down,100,17050.0,0.0
NVL,10:40:02,Sell Down,800,17050.0,0.0
NVL,10:40:00,Sell Down,100,17050.0,-50.0
NVL,10:40:00,Buy Up,1000,17100.0,50.0
NVL,10:39:58,Sell Down,1000,17050.0,0.0
NVL,10:39:52,Sell Down,100,17050.0,0.0
NVL,10:39:52,Sell Down,100,17050.0,0.0
NVL,10:39:52,Sell Down,2000,17050.0,0.0
NVL,10:39:52,Sell Down,200,17050.0,0.0
NVL,10:39:52,Sell Down,700,17050.0,0.0
NVL,10:39:52,Sell Down,1000,17050.0,0.0
NVL,10:39:52,Sell Down,500,17050.0,0.0
NVL,10:39:52,Sell Down,5000,17050.0,0.0
NVL,10:39:52,Sell Down,1000,17050.0,0.0
NVL,10:39:52,Sell Down,800,17050.0,0.0
NVL,10:39:51,Buy Up,100,17050.0,0.0
NVL,10:39:51,Buy Up,100,17050.0,0.0
NVL,10:39:51,Buy Up,1900,17050.0,0.0
NVL,10:39:49,Buy Up,200,17050.0,0.0
NVL,10:39:46,Buy Up,1000,17050.0,0.0
NVL,10:39:38,Buy Up,500,17050.0,0.0
NVL,10:39:37,Buy Up,400,17050.0,0.0
NVL,10:39:37,Buy Up,400,17050.0,0.0
NVL,10:39:36,Buy Up,100,17050.0,50.0
NVL,10:39:34,Sell Down,500,17000.0,-50.0
NVL,10:39:25,Buy Up,500,17050.0,0.0
NVL,10:39:25,Buy Up,300,17050.0,0.0
NVL,10:39:25,Buy Up,700,17050.0,0.0
NVL,10:39:25,Buy Up,300,17050.0,0.0
NVL,10:39:25,Buy Up,500,17050.0,0.0
NVL,10:39:25,Buy Up,200,17050.0,0.0
NVL,10:39:21,Buy Up,600,17050.0,0.0
NVL,10:39:17,Buy Up,200,17050.0,0.0
NVL,10:39:17,Buy Up,1000,17050.0,0.0
NVL,10:39:17,Buy Up,200,17050.0,0.0
NVL,10:39:17,Buy Up,600,17050.0,0.0
NVL,10:39:17,Buy Up,1000,17050.0,0.0
NVL,10:39:17,Buy Up,1000,17050.0,0.0
NVL,10:39:16,Buy Up,1000,17050.0,0.0
NVL,10:39:15,Buy Up,500,17050.0,0.0
NVL,10:39:15,Buy Up,300,17050.0,0.0
NVL,10:39:09,Buy Up,600,17050.0,0.0
NVL,10:39:09,Buy Up,300,17050.0,0.0
NVL,10:39:09,Buy Up,100,17050.0,0.0
NVL,10:39:09,Buy Up,400,17050.0,0.0
NVL,10:39:07,Buy Up,900,17050.0,0.0
NVL,10:39:07,Buy Up,100,17050.0,0.0
NVL,10:39:04,Buy Up,1000,17050.0,0.0
NVL,10:39:01,Buy Up,100,17050.0,0.0
NVL,10:39:01,Buy Up,900,17050.0,0.0
NVL,10:39:01,Buy Up,900,17050.0,0.0
NVL,10:39:01,Buy Up,1000,17050.0,0.0
NVL,10:39:01,Buy Up,1100,17050.0,0.0
NVL,10:39:01,Buy Up,400,17050.0,0.0
NVL,10:39:01,Buy Up,100,17050.0,0.0
NVL,10:38:53,Buy Up,4900,17050.0,0.0
NVL,10:38:53,Buy Up,100,17050.0,0.0
NVL,10:38:53,Buy Up,2000,17050.0,0.0
NVL,10:38:52,Buy Up,1000,17050.0,0.0
NVL,10:38:41,Buy Up,500,17050.0,0.0
NVL,10:38:36,Buy Up,100,17050.0,0.0
NVL,10:38:34,Buy Up,6300,17050.0,0.0
NVL,10:38:34,Buy Up,500,17050.0,0.0
NVL,10:38:34,Buy Up,1100,17050.0,0.0
NVL,10:38:34,Buy Up,500,17050.0,0.0
NVL,10:38:34,Buy Up,1000,17050.0,0.0
NVL,10:38:34,Buy Up,600,17050.0,0.0
NVL,10:38:32,Buy Up,500,17050.0,0.0
NVL,10:38:29,Buy Up,2500,17050.0,0.0
NVL,10:38:29,Buy Up,500,17050.0,0.0
NVL,10:38:29,Buy Up,5000,17050.0,0.0
NVL,10:38:29,Buy Up,400,17050.0,0.0
NVL,10:38:29,Buy Up,1000,17050.0,0.0
NVL,10:38:29,Buy Up,100,17050.0,0.0
NVL,10:38:29,Buy Up,200,17050.0,0.0
NVL,10:38:29,Buy Up,300,17050.0,0.0
NVL,10:38:28,Buy Up,300,17050.0,0.0
NVL,10:38:26,Buy Up,2000,17050.0,0.0
NVL,10:38:23,Buy Up,1000,17050.0,0.0
NVL,10:38:14,Buy Up,2000,17050.0,0.0
NVL,10:38:11,Buy Up,100,17050.0,50.0
NVL,10:38:10,Sell Down,500,17000.0,-50.0
NVL,10:38:09,Buy Up,1000,17050.0,0.0
NVL,10:38:09,Buy Up,2000,17050.0,0.0
NVL,10:38:08,Buy Up,2200,17050.0,0.0
NVL,10:38:08,Buy Up,1000,17050.0,0.0
NVL,10:38:08,Buy Up,300,17050.0,0.0
NVL,10:38:08,Buy Up,1500,17050.0,0.0
NVL,10:38:02,Buy Up,2000,17050.0,0.0
NVL,10:38:01,Buy Up,100,17050.0,0.0
NVL,10:37:59,Buy Up,400,17050.0,0.0
NVL,10:37:59,Buy Up,500,17050.0,0.0
NVL,10:37:59,Buy Up,3000,17050.0,0.0
NVL,10:37:59,Buy Up,3600,17050.0,0.0
NVL,10:37:59,Buy Up,1000,17050.0,0.0
NVL,10:37:59,Buy Up,500,17050.0,0.0
NVL,10:37:59,Buy Up,100,17050.0,0.0
NVL,10:37:59,Buy Up,1000,17050.0,0.0
NVL,10:37:59,Buy Up,1000,17050.0,0.0
NVL,10:37:59,Buy Up,8900,17050.0,0.0
NVL,10:37:55,Buy Up,11000,17050.0,0.0
NVL,10:37:54,Buy Up,800,17050.0,50.0
NVL,10:37:53,Sell Down,100,17000.0,-50.0
NVL,10:37:49,Buy Up,1000,17050.0,0.0
NVL,10:37:45,Buy Up,10000,17050.0,0.0
NVL,10:37:44,Buy Up,9000,17050.0,0.0
NVL,10:37:32,Buy Up,500,17050.0,0.0
NVL,10:37:32,Buy Up,500,17050.0,0.0
NVL,10:37:32,Buy Up,8300,17050.0,0.0
NVL,10:37:32,Buy Up,5000,17050.0,0.0
NVL,10:37:32,Buy Up,300,17050.0,0.0
NVL,10:37:32,Buy Up,700,17050.0,0.0
NVL,10:37:32,Buy Up,500,17050.0,0.0
NVL,10:37:32,Buy Up,200,17050.0,0.0
NVL,10:37:30,Buy Up,6400,17050.0,0.0
NVL,10:37:29,Buy Up,2000,17050.0,0.0
NVL,10:37:28,Buy Up,500,17050.0,0.0
NVL,10:37:17,Buy Up,2000,17050.0,0.0
NVL,10:37:12,Buy Up,1000,17050.0,0.0
NVL,10:37:10,Buy Up,7900,17050.0,0.0
NVL,10:37:10,Buy Up,200,17050.0,0.0
NVL,10:37:10,Buy Up,1100,17050.0,0.0
NVL,10:37:10,Buy Up,2000,17050.0,0.0
NVL,10:37:10,Buy Up,1000,17050.0,0.0
NVL,10:37:10,Buy Up,1500,17050.0,0.0
NVL,10:37:10,Buy Up,6300,17050.0,0.0
NVL,10:37:09,Buy Up,200,17050.0,0.0
NVL,10:37:05,Buy Up,100,17050.0,0.0
NVL,10:37:04,Buy Up,5000,17050.0,50.0
NVL,10:37:02,Sell Down,100,17000.0,-50.0
NVL,10:36:57,Buy Up,30000,17050.0,0.0
NVL,10:36:20,Buy Up,4000,17050.0,0.0
NVL,10:36:10,Buy Up,4400,17050.0,0.0
NVL,10:36:10,Buy Up,10000,17050.0,0.0
NVL,10:36:10,Buy Up,600,17050.0,0.0
NVL,10:35:56,Buy Up,100,17050.0,0.0
NVL,10:35:48,Buy Up,300,17050.0,0.0
NVL,10:35:48,Buy Up,300,17050.0,0.0
NVL,10:35:48,Buy Up,1000,17050.0,0.0
NVL,10:35:48,Buy Up,1000,17050.0,0.0
NVL,10:35:48,Buy Up,300,17050.0,0.0
NVL,10:35:48,Buy Up,200,17050.0,0.0
NVL,10:35:48,Buy Up,1000,17050.0,0.0
NVL,10:35:48,Buy Up,1000,17050.0,0.0
NVL,10:35:48,Buy Up,2100,17050.0,0.0
NVL,10:35:48,Buy Up,22800,17050.0,0.0
NVL,10:35:41,Buy Up,400,17050.0,50.0
NVL,10:35:38,Sell Down,100,17000.0,-50.0
NVL,10:35:33,Buy Up,1000,17050.0,50.0
NVL,10:35:22,Sell Down,4000,17000.0,-50.0
NVL,10:35:08,Buy Up,1000,17050.0,0.0
NVL,10:35:02,Buy Up,200,17050.0,0.0
NVL,10:34:56,Buy Up,600,17050.0,0.0
NVL,10:34:45,Buy Up,100,17050.0,0.0
NVL,10:34:39,Buy Up,3000,17050.0,0.0
NVL,10:34:07,Buy Up,400,17050.0,50.0
NVL,10:34:07,Sell Down,100,17000.0,0.0
NVL,10:34:03,Sell Down,1800,17000.0,0.0
NVL,10:33:53,Sell Down,100,17000.0,-50.0
NVL,10:33:47,Buy Up,1000,17050.0,0.0
NVL,10:33:17,Buy Up,100,17050.0,50.0
NVL,10:33:11,Sell Down,100,17000.0,-50.0
NVL,10:32:52,Buy Up,100,17050.0,50.0
NVL,10:32:42,Sell Down,500,17000.0,-50.0
NVL,10:31:58,Buy Up,200,17050.0,0.0
NVL,10:31:44,Buy Up,500,17050.0,0.0
NVL,10:31:22,Buy Up,1300,17050.0,0.0
NVL,10:31:17,Buy Up,5000,17050.0,0.0
NVL,10:31:17,Buy Up,17300,17050.0,0.0
NVL,10:31:17,Buy Up,9600,17050.0,0.0
NVL,10:31:17,Buy Up,100,17050.0,0.0
NVL,10:31:17,Buy Up,14600,17050.0,0.0
NVL,10:31:17,Buy Up,100,17050.0,0.0
NVL,10:31:17,Buy Up,1000,17050.0,0.0
NVL,10:31:17,Buy Up,500,17050.0,0.0
NVL,10:31:17,Buy Up,1000,17050.0,0.0
NVL,10:31:17,Buy Up,100,17050.0,0.0
NVL,10:31:17,Buy Up,5000,17050.0,0.0
NVL,10:31:17,Buy Up,1000,17050.0,0.0
NVL,10:31:17,Buy Up,1500,17050.0,0.0
NVL,10:31:17,Buy Up,13200,17050.0,0.0
NVL,10:30:51,Buy Up,200,17050.0,0.0
NVL,10:30:48,Buy Up,100,17050.0,50.0
NVL,10:30:44,Sell Down,10000,17000.0,-50.0
NVL,10:30:43,Sell Down,3600,17050.0,0.0
NVL,10:30:43,Sell Down,2900,17050.0,0.0
NVL,10:30:43,Sell Down,100,17050.0,0.0
NVL,10:30:42,Sell Down,1000,17050.0,0.0
NVL,10:30:42,Sell Down,100,17050.0,0.0
NVL,10:30:42,Sell Down,1100,17050.0,0.0
NVL,10:30:42,Sell Down,500,17050.0,0.0
NVL,10:30:42,Sell Down,2000,17050.0,0.0
NVL,10:30:42,Sell Down,200,17050.0,0.0
NVL,10:30:42,Sell Down,400,17050.0,0.0
NVL,10:30:42,Sell Down,500,17050.0,0.0
NVL,10:30:42,Sell Down,1000,17050.0,0.0
NVL,10:30:40,Sell Down,9000,17050.0,0.0
NVL,10:30:40,Sell Down,500,17050.0,0.0
NVL,10:30:40,Sell Down,2500,17050.0,0.0
NVL,10:30:40,Sell Down,100,17050.0,0.0
NVL,10:30:40,Sell Down,2000,17050.0,0.0
NVL,10:30:40,Sell Down,1700,17050.0,0.0
NVL,10:30:40,Sell Down,4200,17050.0,0.0
NVL,10:30:40,Sell Down,2000,17050.0,0.0
NVL,10:30:39,Sell Down,3800,17050.0,0.0
NVL,10:30:39,Sell Down,500,17050.0,0.0
NVL,10:30:39,Sell Down,100,17050.0,0.0
NVL,10:30:39,Sell Down,8600,17050.0,0.0
NVL,10:30:37,Sell Down,2000,17050.0,0.0
NVL,10:30:37,Sell Down,4400,17050.0,0.0
NVL,10:30:37,Sell Down,500,17050.0,0.0
NVL,10:30:37,Sell Down,400,17050.0,0.0
NVL,10:30:37,Sell Down,2600,17050.0,0.0
NVL,10:30:37,Sell Down,2000,17050.0,0.0
NVL,10:30:37,Sell Down,600,17050.0,0.0
NVL,10:30:37,Sell Down,30000,17050.0,0.0
NVL,10:30:37,Sell Down,200,17050.0,0.0
NVL,10:30:37,Sell Down,100,17050.0,0.0
NVL,10:30:37,Sell Down,4500,17050.0,0.0
NVL,10:30:37,Sell Down,100,17050.0,0.0
NVL,10:30:37,Sell Down,2000,17050.0,0.0
NVL,10:30:37,Sell Down,200,17050.0,0.0
NVL,10:30:37,Sell Down,1100,17050.0,0.0
NVL,10:30:37,Sell Down,200,17050.0,0.0
NVL,10:30:37,Sell Down,100,17050.0,0.0
NVL,10:30:37,Sell Down,1000,17050.0,0.0
NVL,10:30:37,Sell Down,1000,17050.0,0.0
NVL,10:30:37,Sell Down,400,17050.0,0.0
NVL,10:30:37,Sell Down,1000,17050.0,0.0
NVL,10:30:37,Sell Down,2600,17050.0,0.0
NVL,10:30:36,Sell Down,400,17050.0,0.0
NVL,10:30:36,Sell Down,500,17050.0,0.0
NVL,10:30:36,Sell Down,3000,17050.0,0.0
NVL,10:30:36,Sell Down,2000,17050.0,0.0
NVL,10:30:36,Sell Down,500,17050.0,0.0
NVL,10:30:36,Sell Down,2000,17050.0,0.0
NVL,10:30:36,Sell Down,800,17050.0,0.0
NVL,10:30:36,Sell Down,2000,17050.0,0.0
NVL,10:30:36,Sell Down,500,17050.0,0.0
NVL,10:30:36,Sell Down,2000,17050.0,0.0
NVL,10:30:36,Sell Down,8900,17050.0,0.0
NVL,10:30:36,Sell Down,1000,17050.0,0.0
NVL,10:30:36,Sell Down,1000,17050.0,0.0
NVL,10:30:36,Sell Down,5000,17050.0,0.0
NVL,10:30:36,Sell Down,10000,17050.0,0.0
NVL,10:30:36,Sell Down,600,17050.0,0.0
NVL,10:30:36,Sell Down,100,17050.0,0.0
NVL,10:30:36,Sell Down,100,17050.0,0.0
NVL,10:30:36,Sell Down,500,17050.0,0.0
NVL,10:30:36,Sell Down,1200,17050.0,0.0
NVL,10:30:36,Sell Down,800,17050.0,0.0
NVL,10:30:36,Sell Down,3000,17050.0,0.0
NVL,10:30:36,Sell Down,1000,17050.0,0.0
NVL,10:30:36,Sell Down,1000,17050.0,0.0
NVL,10:30:36,Sell Down,100,17050.0,0.0
NVL,10:30:36,Sell Down,1500,17050.0,0.0
NVL,10:30:36,Sell Down,200,17050.0,0.0
NVL,10:30:36,Sell Down,5000,17050.0,0.0
NVL,10:30:36,Sell Down,10000,17050.0,0.0
NVL,10:30:36,Sell Down,100,17050.0,0.0
NVL,10:30:36,Sell Down,1000,17050.0,0.0
NVL,10:30:36,Sell Down,1000,17050.0,0.0
NVL,10:30:36,Sell Down,8000,17050.0,0.0
NVL,10:30:36,Sell Down,1000,17050.0,0.0
NVL,10:30:36,Sell Down,100,17050.0,0.0
NVL,10:30:36,Sell Down,6000,17050.0,0.0
NVL,10:30:36,Sell Down,10000,17050.0,0.0
NVL,10:30:36,Sell Down,1000,17050.0,0.0
NVL,10:30:36,Sell Down,1400,17050.0,0.0
NVL,10:30:36,Sell Down,20000,17050.0,0.0
NVL,10:30:36,Sell Down,3000,17050.0,0.0
NVL,10:30:36,Sell Down,5000,17050.0,0.0
NVL,10:30:35,Sell Down,1000,17050.0,0.0
NVL,10:30:35,Sell Down,2000,17050.0,0.0
NVL,10:30:35,Sell Down,100,17050.0,0.0
NVL,10:30:35,Sell Down,2000,17050.0,0.0
NVL,10:30:35,Sell Down,500,17050.0,0.0
NVL,10:30:35,Sell Down,1600,17050.0,0.0
NVL,10:30:35,Sell Down,300,17050.0,0.0
NVL,10:30:35,Sell Down,200,17050.0,0.0
NVL,10:30:35,Sell Down,200,17050.0,0.0
NVL,10:30:35,Sell Down,100,17050.0,0.0
NVL,10:30:35,Sell Down,300,17050.0,0.0
NVL,10:30:35,Sell Down,10000,17050.0,0.0
NVL,10:30:35,Sell Down,100,17050.0,0.0
NVL,10:30:35,Sell Down,2000,17050.0,0.0
NVL,10:30:35,Sell Down,400,17050.0,0.0
NVL,10:30:35,Sell Down,200,17050.0,0.0
NVL,10:30:35,Sell Down,1000,17050.0,0.0
NVL,10:30:35,Sell Down,3000,17050.0,0.0
NVL,10:30:35,Sell Down,1800,17050.0,0.0
NVL,10:30:35,Sell Down,1000,17050.0,0.0
NVL,10:30:35,Sell Down,200,17050.0,0.0
NVL,10:30:35,Sell Down,600,17050.0,0.0
NVL,10:30:35,Sell Down,6700,17050.0,0.0
NVL,10:30:35,Sell Down,10000,17050.0,0.0
NVL,10:30:35,Sell Down,100,17050.0,0.0
NVL,10:30:35,Sell Down,10000,17050.0,0.0
NVL,10:30:35,Sell Down,6200,17050.0,0.0
NVL,10:30:35,Sell Down,100,17050.0,0.0
NVL,10:30:35,Sell Down,2000,17050.0,0.0
NVL,10:30:35,Sell Down,3000,17050.0,0.0
NVL,10:30:35,Sell Down,8000,17050.0,0.0
NVL,10:30:34,Sell Down,4000,17050.0,0.0
NVL,10:30:31,Sell Down,3000,17050.0,0.0
NVL,10:30:31,Sell Down,35000,17050.0,0.0
NVL,10:30:31,Sell Down,1000,17050.0,0.0
NVL,10:30:31,Sell Down,500,17050.0,0.0
NVL,10:30:31,Sell Down,100,17050.0,0.0
NVL,10:30:31,Sell Down,2000,17050.0,0.0
NVL,10:30:31,Sell Down,100,17050.0,0.0
NVL,10:30:31,Sell Down,300,17050.0,0.0
NVL,10:30:31,Sell Down,1000,17050.0,0.0
NVL,10:30:31,Sell Down,5000,17050.0,0.0
NVL,10:30:31,Sell Down,5000,17050.0,0.0
NVL,10:30:31,Sell Down,1000,17050.0,0.0
NVL,10:30:31,Sell Down,1000,17050.0,0.0
NVL,10:30:28,Sell Down,4000,17050.0,0.0
NVL,10:30:28,Sell Down,3000,17050.0,0.0
NVL,10:30:28,Sell Down,1000,17050.0,0.0
NVL,10:30:28,Sell Down,500,17050.0,0.0
NVL,10:30:26,Sell Down,25000,17050.0,0.0
NVL,10:30:20,Sell Down,200,17050.0,0.0
NVL,10:30:06,Sell Down,100,17050.0,0.0
NVL,10:30:03,Sell Down,200,17050.0,0.0
NVL,10:29:50,Sell Down,300,17050.0,0.0
NVL,10:29:47,Sell Down,500,17050.0,-50.0
NVL,10:29:44,Buy Up,200,17100.0,50.0
NVL,10:29:43,Sell Down,1000,17050.0,0.0
NVL,10:29:41,Sell Down,10000,17050.0,0.0
NVL,10:29:40,Sell Down,100,17050.0,0.0
NVL,10:29:38,Sell Down,20000,17050.0,0.0
NVL,10:29:27,Sell Down,15000,17050.0,-50.0
NVL,10:29:16,Buy Up,500,17100.0,0.0
NVL,10:29:14,Buy Up,100,17100.0,50.0
NVL,10:29:00,Sell Down,100,17050.0,0.0
NVL,10:28:52,Sell Down,800,17050.0,0.0
NVL,10:28:50,Sell Down,2000,17050.0,0.0
NVL,10:28:48,Sell Down,1000,17050.0,0.0
NVL,10:28:45,Sell Down,14000,17050.0,0.0
NVL,10:28:43,Sell Down,200,17050.0,0.0
NVL,10:28:43,Sell Down,1000,17050.0,0.0
NVL,10:28:36,Sell Down,4000,17050.0,0.0
NVL,10:28:28,Sell Down,100,17050.0,0.0
NVL,10:28:25,Sell Down,2000,17050.0,0.0
NVL,10:28:15,Sell Down,2000,17050.0,0.0
NVL,10:28:07,Sell Down,600,17050.0,0.0
NVL,10:28:00,Sell Down,500,17050.0,0.0
NVL,10:27:59,Sell Down,1400,17050.0,0.0
NVL,10:27:58,Sell Down,100,17050.0,0.0
NVL,10:27:48,Sell Down,1000,17050.0,0.0
NVL,10:27:38,Sell Down,200,17050.0,0.0
NVL,10:27:35,Sell Down,200,17050.0,0.0
NVL,10:27:33,Sell Down,100,17050.0,0.0
NVL,10:27:28,Sell Down,2000,17050.0,-50.0
NVL,10:27:27,Buy Up,1500,17100.0,50.0
NVL,10:27:25,Sell Down,100,17050.0,0.0
NVL,10:27:09,Sell Down,5000,17050.0,-50.0
NVL,10:26:58,Buy Up,200,17100.0,50.0
NVL,10:26:57,Sell Down,100,17050.0,-50.0
NVL,10:26:56,Buy Up,5400,17100.0,0.0
NVL,10:26:56,Buy Up,100,17100.0,0.0
NVL,10:26:56,Buy Up,2000,17100.0,0.0
NVL,10:26:56,Buy Up,2000,17100.0,0.0
NVL,10:26:56,Buy Up,200,17100.0,0.0
NVL,10:26:56,Buy Up,100,17100.0,0.0
NVL,10:26:56,Buy Up,7100,17100.0,0.0
NVL,10:26:56,Buy Up,3100,17100.0,0.0
NVL,10:26:48,Buy Up,1900,17100.0,0.0
NVL,10:26:48,Buy Up,100,17100.0,0.0
NVL,10:26:25,Buy Up,100,17100.0,0.0
NVL,10:26:00,Buy Up,100,17100.0,0.0
NVL,10:25:59,Buy Up,100,17100.0,50.0
NVL,10:25:52,Sell Down,2200,17050.0,0.0
NVL,10:25:45,Sell Down,18000,17050.0,0.0
NVL,10:25:39,Sell Down,400,17050.0,0.0
NVL,10:25:38,Sell Down,500,17050.0,-50.0
NVL,10:25:29,Buy Up,100,17100.0,50.0
NVL,10:25:27,Sell Down,5000,17050.0,0.0
NVL,10:25:22,Sell Down,300,17050.0,0.0
NVL,10:25:22,Sell Down,300,17050.0,0.0
NVL,10:25:21,Sell Down,100,17050.0,0.0
NVL,10:25:21,Sell Down,100,17050.0,0.0
NVL,10:25:21,Sell Down,1200,17050.0,0.0
NVL,10:25:21,Sell Down,100,17050.0,0.0
NVL,10:25:21,Sell Down,100,17050.0,0.0
NVL,10:25:21,Sell Down,100,17050.0,0.0
NVL,10:25:21,Sell Down,300,17050.0,-50.0
NVL,10:25:20,Buy Up,200,17100.0,50.0
NVL,10:25:00,Sell Down,1000,17050.0,-50.0
NVL,10:24:52,Buy Up,500,17100.0,0.0
NVL,10:24:52,Buy Up,300,17100.0,50.0
NVL,10:24:52,Sell Down,20000,17050.0,-50.0
NVL,10:24:33,Buy Up,100,17100.0,0.0
NVL,10:24:33,Buy Up,100,17100.0,0.0
NVL,10:24:33,Buy Up,100,17100.0,0.0
NVL,10:24:33,Buy Up,200,17100.0,50.0
NVL,10:24:32,Sell Down,200,17050.0,0.0
NVL,10:24:30,Sell Down,1000,17050.0,0.0
NVL,10:24:27,Sell Down,400,17050.0,0.0
NVL,10:24:24,Sell Down,100,17050.0,0.0
NVL,10:24:23,Sell Down,5000,17050.0,-50.0
NVL,10:24:13,Buy Up,300,17100.0,0.0
NVL,10:24:13,Buy Up,500,17100.0,0.0
NVL,10:24:13,Buy Up,600,17100.0,0.0
NVL,10:24:13,Buy Up,1000,17100.0,0.0
NVL,10:24:13,Buy Up,5000,17100.0,0.0
NVL,10:24:13,Buy Up,1000,17100.0,0.0
NVL,10:24:13,Buy Up,1000,17100.0,0.0
NVL,10:24:13,Buy Up,100,17100.0,0.0
NVL,10:24:13,Buy Up,1000,17100.0,0.0
NVL,10:24:13,Buy Up,100,17100.0,0.0
NVL,10:24:13,Buy Up,4200,17100.0,0.0
NVL,10:23:47,Buy Up,200,17100.0,50.0
NVL,10:23:42,Sell Down,100,17050.0,-50.0
NVL,10:23:31,Buy Up,600,17100.0,0.0
NVL,10:23:31,Buy Up,300,17100.0,0.0
NVL,10:23:31,Buy Up,100,17100.0,0.0
NVL,10:23:31,Buy Up,100,17100.0,0.0
NVL,10:23:31,Buy Up,100,17100.0,0.0
NVL,10:23:31,Buy Up,500,17100.0,0.0
NVL,10:23:31,Buy Up,300,17100.0,0.0
NVL,10:23:31,Buy Up,300,17100.0,50.0
NVL,10:23:27,Sell Down,1000,17050.0,-50.0
NVL,10:23:21,Buy Up,100,17100.0,50.0
NVL,10:23:19,Sell Down,300,17050.0,0.0
NVL,10:23:11,Sell Down,10000,17050.0,0.0
NVL,10:23:08,Sell Down,500,17050.0,0.0
NVL,10:23:00,Sell Down,5000,17050.0,0.0
NVL,10:23:00,Sell Down,5000,17050.0,0.0
NVL,10:22:46,Sell Down,100,17050.0,0.0
NVL,10:22:43,Sell Down,100,17050.0,0.0
NVL,10:22:42,Sell Down,900,17050.0,0.0
NVL,10:22:39,Sell Down,1000,17050.0,0.0
NVL,10:22:31,Sell Down,3000,17050.0,0.0
NVL,10:22:20,Sell Down,3000,17050.0,0.0
NVL,10:22:17,Sell Down,3000,17050.0,0.0
NVL,10:22:16,Sell Down,800,17050.0,0.0
NVL,10:22:07,Sell Down,200,17050.0,0.0
NVL,10:22:07,Sell Down,3700,17050.0,0.0
NVL,10:22:07,Sell Down,1000,17050.0,0.0
NVL,10:22:07,Sell Down,200,17050.0,0.0
NVL,10:22:07,Sell Down,100,17050.0,0.0
NVL,10:21:58,Sell Down,100,17050.0,0.0
NVL,10:21:54,Sell Down,300,17050.0,0.0
NVL,10:21:33,Sell Down,200,17050.0,0.0
NVL,10:21:16,Sell Down,100,17050.0,0.0
NVL,10:21:16,Sell Down,100,17050.0,0.0
NVL,10:21:14,Sell Down,1000,17050.0,-50.0
NVL,10:21:13,Buy Up,100,17100.0,0.0
NVL,10:21:13,Buy Up,100,17100.0,50.0
NVL,10:21:06,Sell Down,100,17050.0,0.0
NVL,10:21:06,Sell Down,300,17050.0,0.0
NVL,10:20:49,Sell Down,100,17050.0,-50.0
NVL,10:20:34,Buy Up,1700,17100.0,0.0
NVL,10:20:27,Buy Up,700,17100.0,50.0
NVL,10:20:24,Sell Down,500,17050.0,0.0
NVL,10:20:24,Sell Down,3000,17050.0,0.0
NVL,10:20:24,Sell Down,1500,17050.0,-50.0
NVL,10:20:02,Buy Up,500,17100.0,0.0
NVL,10:20:02,Buy Up,300,17100.0,0.0
NVL,10:19:45,Buy Up,100,17100.0,0.0
NVL,10:19:36,Buy Up,100,17100.0,0.0
NVL,10:19:32,Buy Up,500,17100.0,0.0
NVL,10:19:32,Buy Up,500,17100.0,0.0
NVL,10:19:08,Buy Up,1600,17100.0,0.0
NVL,10:19:08,Buy Up,3400,17100.0,50.0
NVL,10:19:00,Sell Down,1000,17050.0,0.0
NVL,10:18:42,Sell Down,2000,17050.0,0.0
NVL,10:18:38,Sell Down,1900,17050.0,0.0
NVL,10:18:33,Sell Down,5000,17050.0,0.0
NVL,10:18:30,Sell Down,2000,17050.0,0.0
NVL,10:18:22,Sell Down,7000,17050.0,0.0
NVL,10:18:22,Sell Down,200,17050.0,0.0
NVL,10:18:08,Sell Down,2000,17050.0,0.0
NVL,10:18:07,Sell Down,100,17050.0,-50.0
NVL,10:18:00,Buy Up,100,17100.0,50.0
NVL,10:17:59,Sell Down,500,17050.0,-50.0
NVL,10:17:41,Buy Up,1500,17100.0,0.0
NVL,10:17:41,Buy Up,1000,17100.0,0.0
NVL,10:17:41,Buy Up,500,17100.0,0.0
NVL,10:17:40,Buy Up,200,17100.0,50.0
NVL,10:17:32,Sell Down,100,17050.0,-50.0
NVL,10:17:17,Buy Up,700,17100.0,0.0
NVL,10:17:17,Buy Up,100,17100.0,0.0
NVL,10:17:17,Buy Up,100,17100.0,0.0
NVL,10:17:17,Buy Up,500,17100.0,0.0
NVL,10:17:17,Buy Up,500,17100.0,0.0
NVL,10:17:17,Buy Up,1100,17100.0,0.0
NVL,10:17:14,Buy Up,100,17100.0,0.0
NVL,10:17:13,Buy Up,800,17100.0,0.0
NVL,10:17:13,Buy Up,500,17100.0,50.0
NVL,10:16:59,Sell Down,100,17050.0,-50.0
NVL,10:16:51,Buy Up,1000,17100.0,0.0
NVL,10:16:39,Buy Up,100,17100.0,50.0
NVL,10:16:38,Sell Down,400,17050.0,-50.0
NVL,10:16:37,Buy Up,400,17100.0,0.0
NVL,10:16:37,Buy Up,1000,17100.0,0.0
NVL,10:16:37,Buy Up,100,17100.0,0.0
NVL,10:16:37,Buy Up,500,17100.0,0.0
NVL,10:16:37,Buy Up,800,17100.0,0.0
NVL,10:16:37,Buy Up,200,17100.0,50.0
NVL,10:16:33,Sell Down,3000,17050.0,0.0
NVL,10:16:24,Sell Down,100,17050.0,0.0
NVL,10:16:18,Sell Down,200,17050.0,0.0
NVL,10:16:15,Sell Down,500,17050.0,0.0
NVL,10:16:10,Sell Down,500,17050.0,-50.0
NVL,10:16:06,Buy Up,800,17100.0,0.0
NVL,10:16:06,Buy Up,400,17100.0,0.0
NVL,10:16:04,Buy Up,600,17100.0,0.0
NVL,10:16:04,Buy Up,2000,17100.0,0.0
NVL,10:16:04,Buy Up,900,17100.0,0.0
NVL,10:16:04,Buy Up,100,17100.0,0.0
NVL,10:16:04,Buy Up,300,17100.0,0.0
NVL,10:16:04,Buy Up,1000,17100.0,0.0
NVL,10:16:04,Buy Up,500,17100.0,0.0
NVL,10:16:04,Buy Up,200,17100.0,0.0
NVL,10:16:04,Buy Up,200,17100.0,0.0
NVL,10:16:04,Buy Up,1000,17100.0,0.0
NVL,10:16:04,Buy Up,3000,17100.0,0.0
NVL,10:16:04,Buy Up,200,17100.0,0.0
NVL,10:15:49,Buy Up,800,17100.0,0.0
NVL,10:15:49,Buy Up,200,17100.0,0.0
NVL,10:15:30,Buy Up,1000,17100.0,0.0
NVL,10:15:30,Buy Up,200,17100.0,0.0
NVL,10:15:29,Buy Up,1000,17100.0,0.0
NVL,10:15:29,Buy Up,1000,17100.0,0.0
NVL,10:15:29,Buy Up,500,17100.0,0.0
NVL,10:15:29,Buy Up,200,17100.0,0.0
NVL,10:15:29,Buy Up,500,17100.0,0.0
NVL,10:15:29,Buy Up,500,17100.0,0.0
NVL,10:15:29,Buy Up,1100,17100.0,50.0
NVL,10:15:28,Sell Down,400,17050.0,-50.0
NVL,10:15:19,Buy Up,3900,17100.0,0.0
NVL,10:15:19,Buy Up,300,17100.0,0.0
NVL,10:15:19,Buy Up,100,17100.0,0.0
NVL,10:15:19,Buy Up,300,17100.0,0.0
NVL,10:15:19,Buy Up,400,17100.0,0.0
NVL,10:15:19,Buy Up,100,17100.0,0.0
NVL,10:15:19,Buy Up,700,17100.0,0.0
NVL,10:15:19,Buy Up,500,17100.0,0.0
NVL,10:15:19,Buy Up,300,17100.0,0.0
NVL,10:15:19,Buy Up,3000,17100.0,0.0
NVL,10:15:19,Buy Up,1000,17100.0,0.0
NVL,10:15:19,Buy Up,5000,17100.0,0.0
NVL,10:15:19,Buy Up,1000,17100.0,0.0
NVL,10:15:19,Buy Up,400,17100.0,0.0
NVL,10:15:19,Buy Up,100,17100.0,0.0
NVL,10:15:19,Buy Up,500,17100.0,0.0
NVL,10:15:19,Buy Up,20000,17100.0,0.0
NVL,10:15:19,Buy Up,100,17100.0,0.0
NVL,10:15:19,Buy Up,100,17100.0,0.0
NVL,10:15:19,Buy Up,400,17100.0,0.0
NVL,10:15:19,Buy Up,400,17100.0,0.0
NVL,10:15:19,Buy Up,100,17100.0,0.0
NVL,10:15:19,Buy Up,1000,17100.0,0.0
NVL,10:15:19,Buy Up,200,17100.0,0.0
NVL,10:15:19,Buy Up,200,17100.0,0.0
NVL,10:15:19,Buy Up,2500,17100.0,0.0
NVL,10:15:19,Buy Up,100,17100.0,0.0
NVL,10:15:19,Buy Up,200,17100.0,0.0
NVL,10:15:19,Buy Up,100,17100.0,0.0
NVL,10:15:19,Buy Up,1000,17100.0,0.0
NVL,10:15:19,Buy Up,100,17100.0,0.0
NVL,10:15:19,Buy Up,100,17100.0,0.0
NVL,10:15:19,Buy Up,200,17100.0,0.0
NVL,10:15:19,Buy Up,400,17100.0,0.0
NVL,10:15:19,Buy Up,200,17100.0,0.0
NVL,10:15:19,Buy Up,100,17100.0,0.0
NVL,10:15:19,Buy Up,100,17100.0,0.0
NVL,10:15:19,Buy Up,1000,17100.0,0.0
NVL,10:15:19,Buy Up,200,17100.0,0.0
NVL,10:15:19,Buy Up,500,17100.0,0.0
NVL,10:15:19,Buy Up,400,17100.0,0.0
NVL,10:15:19,Buy Up,500,17100.0,0.0
NVL,10:15:19,Buy Up,1000,17100.0,0.0
NVL,10:15:19,Buy Up,100,17100.0,0.0
NVL,10:15:19,Buy Up,100,17100.0,0.0
NVL,10:15:19,Buy Up,1500,17100.0,0.0
NVL,10:15:19,Buy Up,1200,17100.0,0.0
NVL,10:15:19,Buy Up,100,17100.0,0.0
NVL,10:15:19,Buy Up,800,17100.0,0.0
NVL,10:15:19,Buy Up,1000,17100.0,0.0
NVL,10:15:19,Buy Up,8000,17100.0,0.0
NVL,10:15:19,Buy Up,200,17100.0,0.0
NVL,10:15:19,Buy Up,1000,17100.0,0.0
NVL,10:15:19,Buy Up,200,17100.0,0.0
NVL,10:15:19,Buy Up,100,17100.0,0.0
NVL,10:15:19,Buy Up,200,17100.0,0.0
NVL,10:15:19,Buy Up,2000,17100.0,0.0
NVL,10:15:19,Buy Up,100,17100.0,0.0
NVL,10:15:19,Buy Up,500,17100.0,0.0
NVL,10:15:19,Buy Up,400,17100.0,0.0
NVL,10:15:19,Buy Up,500,17100.0,0.0
NVL,10:15:19,Buy Up,100,17100.0,0.0
NVL,10:15:19,Buy Up,1000,17100.0,0.0
NVL,10:15:19,Buy Up,1000,17100.0,0.0
NVL,10:15:19,Buy Up,100,17100.0,0.0
NVL,10:15:19,Buy Up,500,17100.0,0.0
NVL,10:15:19,Buy Up,300,17100.0,0.0
NVL,10:15:19,Buy Up,100,17100.0,0.0
NVL,10:15:19,Buy Up,5000,17100.0,0.0
NVL,10:15:19,Buy Up,100,17100.0,0.0
NVL,10:15:19,Buy Up,1000,17100.0,0.0
NVL,10:15:19,Buy Up,100,17100.0,0.0
NVL,10:15:19,Buy Up,100,17100.0,0.0
NVL,10:15:19,Buy Up,1000,17100.0,0.0
NVL,10:15:19,Buy Up,500,17100.0,0.0
NVL,10:15:19,Buy Up,100,17100.0,0.0
NVL,10:15:19,Buy Up,1000,17100.0,0.0
NVL,10:15:19,Buy Up,100,17100.0,0.0
NVL,10:15:19,Buy Up,2000,17100.0,0.0
NVL,10:15:19,Buy Up,200,17100.0,0.0
NVL,10:15:19,Buy Up,1000,17100.0,0.0
NVL,10:15:19,Buy Up,20000,17100.0,0.0
NVL,10:15:19,Buy Up,1000,17100.0,0.0
NVL,10:15:19,Buy Up,5000,17100.0,0.0
NVL,10:15:19,Buy Up,3000,17100.0,0.0
NVL,10:15:19,Buy Up,200,17100.0,0.0
NVL,10:15:19,Buy Up,1000,17100.0,0.0
NVL,10:15:19,Buy Up,100,17100.0,0.0
NVL,10:15:19,Buy Up,1000,17100.0,0.0
NVL,10:15:19,Buy Up,17000,17100.0,0.0
NVL,10:15:19,Buy Up,5000,17100.0,0.0
NVL,10:15:19,Buy Up,200,17100.0,0.0
NVL,10:15:19,Buy Up,5000,17100.0,0.0
NVL,10:15:19,Buy Up,100,17100.0,0.0
NVL,10:15:19,Buy Up,1000,17100.0,0.0
NVL,10:15:19,Buy Up,5000,17100.0,0.0
NVL,10:15:19,Buy Up,1000,17100.0,0.0
NVL,10:15:19,Buy Up,1000,17100.0,0.0
NVL,10:15:19,Buy Up,1000,17100.0,0.0
NVL,10:15:19,Buy Up,100,17100.0,0.0
NVL,10:15:19,Buy Up,4200,17100.0,0.0
NVL,10:15:19,Buy Up,400,17100.0,0.0
NVL,10:15:19,Buy Up,2000,17100.0,0.0
NVL,10:15:19,Buy Up,400,17100.0,0.0
NVL,10:15:19,Buy Up,2000,17100.0,0.0
NVL,10:15:19,Buy Up,2600,17100.0,0.0
NVL,10:15:19,Buy Up,100,17100.0,0.0
NVL,10:15:19,Buy Up,500,17100.0,0.0
NVL,10:15:19,Buy Up,200,17100.0,0.0
NVL,10:15:19,Buy Up,300,17100.0,0.0
NVL,10:15:19,Buy Up,100,17100.0,0.0
NVL,10:15:19,Buy Up,100,17100.0,0.0
NVL,10:15:19,Buy Up,100,17100.0,0.0
NVL,10:15:19,Buy Up,200,17100.0,0.0
NVL,10:15:19,Buy Up,500,17100.0,0.0
NVL,10:15:19,Buy Up,3000,17100.0,0.0
NVL,10:15:19,Buy Up,100,17100.0,0.0
NVL,10:15:19,Buy Up,1000,17100.0,0.0
NVL,10:15:19,Buy Up,132400,17100.0,50.0
NVL,10:15:15,Sell Down,12500,17050.0,0.0
NVL,10:15:12,Sell Down,5000,17050.0,0.0
NVL,10:14:59,Sell Down,100,17050.0,0.0
NVL,10:14:52,Sell Down,3000,17050.0,0.0
NVL,10:14:46,Sell Down,600,17050.0,0.0
NVL,10:14:40,Sell Down,200,17050.0,0.0
NVL,10:14:36,Sell Down,100,17050.0,0.0
NVL,10:14:36,Sell Down,700,17050.0,0.0
NVL,10:14:36,Sell Down,200,17050.0,0.0
NVL,10:14:29,Sell Down,800,17050.0,0.0
NVL,10:13:48,Sell Down,1000,17050.0,0.0
NVL,10:13:38,Sell Down,2000,17050.0,-50.0
NVL,10:13:34,Buy Up,100,17100.0,0.0
NVL,10:13:30,Buy Up,1700,17100.0,50.0
NVL,10:13:01,Sell Down,100,17050.0,0.0
NVL,10:12:52,Sell Down,4600,17050.0,-50.0
NVL,10:12:34,Buy Up,2000,17100.0,50.0
NVL,10:12:27,Sell Down,1000,17050.0,-50.0
NVL,10:12:22,Buy Up,100,17100.0,50.0
NVL,10:12:21,Sell Down,500,17050.0,0.0
NVL,10:12:14,Sell Down,600,17050.0,0.0
NVL,10:12:02,Sell Down,500,17050.0,0.0
NVL,10:11:51,Sell Down,100,17050.0,0.0
NVL,10:11:33,Sell Down,2000,17050.0,0.0
NVL,10:11:32,Sell Down,100,17050.0,-50.0
NVL,10:11:29,Buy Up,100,17100.0,50.0
NVL,10:11:26,Sell Down,500,17050.0,0.0
NVL,10:11:26,Sell Down,200,17050.0,0.0
NVL,10:11:26,Sell Down,100,17050.0,0.0
NVL,10:11:26,Sell Down,200,17050.0,0.0
NVL,10:11:17,Sell Down,10000,17050.0,0.0
NVL,10:11:15,Sell Down,1000,17050.0,-50.0
NVL,10:11:10,Buy Up,3100,17100.0,50.0
NVL,10:11:00,Sell Down,1000,17050.0,0.0
NVL,10:10:55,Sell Down,100,17050.0,0.0
NVL,10:10:45,Sell Down,1900,17050.0,-50.0
NVL,10:10:36,Buy Up,100,17100.0,50.0
NVL,10:10:34,Sell Down,200,17050.0,0.0
NVL,10:10:32,Sell Down,500,17050.0,-50.0
NVL,10:10:21,Buy Up,500,17100.0,50.0
NVL,10:09:52,Sell Down,400,17050.0,-50.0
NVL,10:09:44,Buy Up,100,17100.0,50.0
NVL,10:09:44,Sell Down,200,17050.0,0.0
NVL,10:09:39,Sell Down,300,17050.0,0.0
NVL,10:09:32,Sell Down,3200,17050.0,0.0
NVL,10:09:32,Sell Down,1800,17050.0,0.0
NVL,10:09:23,Sell Down,200,17050.0,0.0
NVL,10:09:23,Sell Down,200,17050.0,0.0
NVL,10:09:20,Sell Down,500,17050.0,0.0
NVL,10:09:14,Sell Down,500,17050.0,0.0
NVL,10:09:08,Sell Down,200,17050.0,0.0
NVL,10:09:01,Sell Down,500,17050.0,0.0
NVL,10:08:49,Sell Down,100,17050.0,0.0
NVL,10:08:49,Sell Down,200,17050.0,0.0
NVL,10:08:49,Sell Down,1700,17050.0,0.0
NVL,10:08:45,Sell Down,1000,17050.0,0.0
NVL,10:08:43,Sell Down,100,17050.0,0.0
NVL,10:08:34,Sell Down,2000,17050.0,0.0
NVL,10:08:33,Sell Down,2000,17050.0,0.0
NVL,10:08:26,Sell Down,4200,17050.0,0.0
NVL,10:08:26,Sell Down,1000,17050.0,0.0
NVL,10:08:26,Sell Down,4800,17050.0,0.0
NVL,10:08:16,Sell Down,100,17050.0,-50.0
NVL,10:08:16,Buy Up,1000,17100.0,50.0
NVL,10:08:04,Sell Down,100,17050.0,0.0
NVL,10:08:04,Sell Down,1000,17050.0,0.0
NVL,10:08:04,Sell Down,1900,17050.0,0.0
NVL,10:08:00,Sell Down,100,17050.0,0.0
NVL,10:07:57,Sell Down,200,17050.0,0.0
NVL,10:07:56,Sell Down,100,17050.0,0.0
NVL,10:07:52,Sell Down,100,17050.0,0.0
NVL,10:07:50,Sell Down,100,17050.0,0.0
NVL,10:07:48,Sell Down,100,17050.0,0.0
NVL,10:07:46,Sell Down,500,17050.0,0.0
NVL,10:07:45,Sell Down,2000,17050.0,0.0
NVL,10:07:40,Sell Down,2000,17050.0,0.0
NVL,10:07:38,Sell Down,100,17050.0,0.0
