ticker,time,orderType,volume,price,prevPriceChange
VIC,10:25:35,Sell Down,300.0,43900.0,0.0
VIC,10:25:27,Sell Down,200.0,43900.0,0.0
VIC,10:25:27,Sell Down,200.0,43900.0,0.0
VIC,10:25:27,Sell Down,100.0,43900.0,0.0
VIC,10:25:27,Sell Down,200.0,43900.0,0.0
VIC,10:25:27,Sell Down,1200.0,43900.0,0.0
VIC,10:24:45,Sell Down,100.0,43900.0,0.0
VIC,10:24:24,Sell Down,500.0,43900.0,-50.0
VIC,10:24:19,Buy Up,200.0,43950.0,0.0
VIC,10:24:15,Buy Up,100.0,43950.0,0.0
VIC,10:24:02,Buy Up,100.0,43950.0,0.0
VIC,10:24:02,Buy Up,100.0,43950.0,0.0
VIC,10:24:02,Buy Up,100.0,43950.0,0.0
VIC,10:23:46,Buy Up,100.0,43950.0,50.0
VIC,10:23:44,Sell Down,100.0,43900.0,0.0
VIC,10:23:34,Sell Down,100.0,43900.0,0.0
VIC,10:23:19,Sell Down,200.0,43900.0,0.0
VIC,10:22:54,Sell Down,3600.0,43900.0,0.0
VIC,10:22:08,Sell Down,1900.0,43900.0,0.0
VIC,10:20:40,Sell Down,300.0,43900.0,0.0
VIC,10:19:56,Sell Down,500.0,43900.0,-50.0
VIC,10:19:53,Buy Up,1100.0,43950.0,0.0
VIC,10:19:53,Buy Up,1100.0,43950.0,0.0
VIC,10:19:45,Buy Up,200.0,43950.0,50.0
VIC,10:19:18,Sell Down,1500.0,43900.0,0.0
VIC,10:19:18,Sell Down,200.0,43900.0,0.0
VIC,10:19:18,Sell Down,200.0,43900.0,-50.0
VIC,10:19:02,Buy Up,600.0,43950.0,0.0
VIC,10:19:02,Buy Up,1000.0,43950.0,0.0
VIC,10:19:02,Buy Up,100.0,43950.0,0.0
VIC,10:19:02,Buy Up,1000.0,43950.0,0.0
VIC,10:18:54,Sell Down,100.0,43950.0,0.0
VIC,10:18:37,Sell Down,900.0,43950.0,0.0
VIC,10:18:37,Sell Down,900.0,43950.0,0.0
VIC,10:18:37,Sell Down,100.0,43950.0,-50.0
VIC,10:18:11,Buy Up,100.0,44000.0,50.0
VIC,10:18:08,Sell Down,200.0,43950.0,0.0
VIC,10:18:08,Sell Down,100.0,43950.0,0.0
VIC,10:18:08,Sell Down,100.0,43950.0,0.0
VIC,10:17:46,Sell Down,2100.0,43950.0,0.0
VIC,10:17:42,Sell Down,4000.0,43950.0,0.0
VIC,10:17:13,Sell Down,100.0,43950.0,0.0
VIC,10:16:36,Sell Down,1000.0,43950.0,0.0
VIC,10:16:09,Sell Down,100.0,43950.0,0.0
VIC,10:15:56,Sell Down,100.0,43950.0,0.0
VIC,10:15:14,Sell Down,1500.0,43950.0,-50.0
VIC,10:14:56,Buy Up,100.0,44000.0,50.0
VIC,10:14:42,Sell Down,100.0,43950.0,0.0
VIC,10:14:41,Sell Down,100.0,43950.0,0.0
VIC,10:14:18,Sell Down,100.0,43950.0,0.0
VIC,10:14:02,Sell Down,100.0,43950.0,0.0
VIC,10:13:45,Sell Down,200.0,43950.0,0.0
VIC,10:13:22,Sell Down,400.0,43950.0,0.0
VIC,10:12:45,Sell Down,100.0,43950.0,0.0
VIC,10:12:45,Sell Down,600.0,43950.0,0.0
VIC,10:12:14,Sell Down,400.0,43950.0,-50.0
VIC,10:12:07,Buy Up,100.0,44000.0,0.0
VIC,10:11:36,Buy Up,100.0,44000.0,50.0
VIC,10:11:00,Sell Down,200.0,43950.0,0.0
VIC,10:10:50,Sell Down,200.0,43950.0,0.0
VIC,10:10:50,Sell Down,600.0,43950.0,0.0
VIC,10:10:34,Buy Up,300.0,43950.0,0.0
VIC,10:10:26,Buy Up,1000.0,43950.0,0.0
VIC,10:10:23,Buy Up,100.0,43950.0,0.0
VIC,10:09:55,Buy Up,100.0,43950.0,0.0
VIC,10:09:55,Buy Up,100.0,43950.0,0.0
VIC,10:09:55,Buy Up,300.0,43950.0,0.0
VIC,10:09:41,Buy Up,200.0,43950.0,0.0
VIC,10:09:41,Buy Up,800.0,43950.0,0.0
VIC,10:09:41,Buy Up,800.0,43950.0,0.0
VIC,10:09:03,Buy Up,2000.0,43950.0,50.0
VIC,10:08:26,Sell Down,800.0,43900.0,0.0
VIC,10:08:26,Sell Down,1100.0,43900.0,-50.0
VIC,10:08:23,Buy Up,1000.0,43950.0,0.0
VIC,10:08:23,Buy Up,1600.0,43950.0,50.0
VIC,10:08:17,Sell Down,1000.0,43900.0,0.0
VIC,10:07:53,Sell Down,900.0,43900.0,0.0
VIC,10:07:53,Sell Down,100.0,43900.0,0.0
VIC,10:07:53,Sell Down,100.0,43900.0,0.0
VIC,10:07:34,Sell Down,100.0,43900.0,0.0
VIC,10:07:34,Sell Down,1000.0,43900.0,0.0
VIC,10:07:34,Sell Down,100.0,43900.0,0.0
VIC,10:07:34,Sell Down,100.0,43900.0,0.0
VIC,10:07:34,Sell Down,100.0,43900.0,0.0
VIC,10:07:34,Sell Down,500.0,43900.0,-50.0
VIC,10:07:16,Buy Up,200.0,43950.0,0.0
VIC,10:07:01,Buy Up,200.0,43950.0,0.0
VIC,10:07:01,Buy Up,600.0,43950.0,0.0
VIC,10:07:01,Buy Up,200.0,43950.0,0.0
VIC,10:06:58,Buy Up,100.0,43950.0,0.0
VIC,10:06:58,Buy Up,100.0,43950.0,50.0
VIC,10:06:48,Sell Down,500.0,43900.0,0.0
VIC,10:06:22,Sell Down,500.0,43900.0,0.0
VIC,10:06:22,Sell Down,100.0,43900.0,0.0
VIC,10:06:22,Sell Down,300.0,43900.0,0.0
VIC,10:06:22,Sell Down,1000.0,43900.0,0.0
VIC,10:05:41,Sell Down,100.0,43900.0,0.0
VIC,10:05:32,Sell Down,1900.0,43900.0,0.0
VIC,10:05:02,Sell Down,1900.0,43900.0,0.0
VIC,10:04:42,Sell Down,100.0,43900.0,0.0
VIC,10:04:42,Sell Down,100.0,43900.0,0.0
VIC,10:04:08,Sell Down,100.0,43900.0,0.0
VIC,10:04:08,Sell Down,100.0,43900.0,0.0
VIC,10:04:08,Sell Down,200.0,43900.0,0.0
VIC,10:04:08,Sell Down,100.0,43900.0,0.0
VIC,10:04:00,Sell Down,100.0,43900.0,0.0
VIC,10:03:53,Sell Down,800.0,43900.0,0.0
VIC,10:03:53,Sell Down,100.0,43900.0,0.0
VIC,10:03:53,Sell Down,300.0,43900.0,0.0
VIC,10:03:53,Sell Down,800.0,43900.0,0.0
VIC,10:03:31,Sell Down,200.0,43900.0,0.0
VIC,10:03:31,Sell Down,100.0,43900.0,0.0
VIC,10:03:31,Sell Down,300.0,43900.0,0.0
VIC,10:02:55,Sell Down,400.0,43900.0,0.0
VIC,10:02:48,Sell Down,800.0,43900.0,0.0
VIC,10:02:48,Sell Down,100.0,43900.0,0.0
VIC,10:02:42,Sell Down,900.0,43900.0,-50.0
VIC,10:02:40,Buy Up,200.0,43950.0,50.0
VIC,10:02:38,Sell Down,1500.0,43900.0,0.0
VIC,10:02:38,Sell Down,200.0,43900.0,0.0
VIC,10:02:38,Sell Down,500.0,43900.0,0.0
VIC,10:02:38,Sell Down,2800.0,43900.0,0.0
VIC,10:02:37,Sell Down,900.0,43900.0,0.0
VIC,10:02:33,Sell Down,900.0,43900.0,0.0
VIC,10:02:27,Sell Down,900.0,43900.0,0.0
VIC,10:02:22,Sell Down,900.0,43900.0,0.0
VIC,10:02:18,Sell Down,3500.0,43900.0,0.0
VIC,10:01:59,Sell Down,100.0,43900.0,-50.0
VIC,10:01:44,Buy Up,100.0,43950.0,50.0
VIC,10:01:20,Sell Down,100.0,43900.0,0.0
VIC,10:01:10,Sell Down,900.0,43900.0,0.0
VIC,10:01:10,Sell Down,500.0,43900.0,0.0
VIC,10:01:06,Sell Down,900.0,43900.0,0.0
VIC,10:00:59,Sell Down,600.0,43900.0,0.0
VIC,10:00:41,Sell Down,1000.0,43900.0,0.0
VIC,10:00:41,Sell Down,1000.0,43900.0,0.0
VIC,10:00:15,Sell Down,1200.0,43900.0,0.0
VIC,10:00:15,Sell Down,500.0,43900.0,0.0
VIC,10:00:15,Sell Down,100.0,43900.0,-50.0
VIC,09:59:55,Buy Up,100.0,43950.0,50.0
VIC,09:59:45,Sell Down,900.0,43900.0,0.0
VIC,09:59:44,Sell Down,200.0,43900.0,0.0
VIC,09:59:07,Sell Down,500.0,43900.0,0.0
VIC,09:59:07,Sell Down,900.0,43900.0,0.0
VIC,09:59:00,Sell Down,300.0,43900.0,0.0
VIC,09:59:00,Sell Down,200.0,43900.0,0.0
VIC,09:58:58,Buy Up,100.0,43900.0,0.0
VIC,09:58:56,Buy Up,100.0,43900.0,0.0
VIC,09:58:41,Buy Up,100.0,43900.0,0.0
VIC,09:58:40,Buy Up,300.0,43900.0,0.0
VIC,09:58:40,Buy Up,100.0,43900.0,50.0
VIC,09:58:29,Sell Down,100.0,43850.0,0.0
VIC,09:58:13,Sell Down,100.0,43850.0,0.0
VIC,09:58:13,Sell Down,100.0,43850.0,0.0
VIC,09:58:13,Sell Down,1400.0,43850.0,0.0
VIC,09:58:13,Sell Down,400.0,43850.0,-50.0
VIC,09:57:55,Buy Up,100.0,43900.0,0.0
VIC,09:57:55,Buy Up,100.0,43900.0,100.0
VIC,09:57:35,Sell Down,300.0,43800.0,0.0
VIC,09:57:35,Sell Down,100.0,43800.0,0.0
VIC,09:57:35,Sell Down,100.0,43800.0,0.0
VIC,09:57:35,Sell Down,1000.0,43800.0,0.0
VIC,09:57:35,Sell Down,100.0,43800.0,0.0
VIC,09:57:35,Sell Down,100.0,43800.0,0.0
VIC,09:57:35,Sell Down,100.0,43800.0,-50.0
VIC,09:57:35,Sell Down,200.0,43850.0,50.0
VIC,09:57:35,Sell Down,900.0,43800.0,-50.0
VIC,09:57:33,Buy Up,1000.0,43850.0,0.0
VIC,09:57:31,Buy Up,100.0,43850.0,50.0
VIC,09:57:30,Sell Down,200.0,43800.0,0.0
VIC,09:57:30,Sell Down,100.0,43800.0,0.0
VIC,09:57:30,Sell Down,200.0,43800.0,0.0
VIC,09:57:30,Sell Down,200.0,43800.0,0.0
VIC,09:57:30,Sell Down,100.0,43800.0,0.0
VIC,09:57:30,Sell Down,100.0,43800.0,-50.0
VIC,09:57:29,Buy Up,500.0,43850.0,0.0
VIC,09:57:27,Buy Up,100.0,43850.0,0.0
VIC,09:57:26,Buy Up,100.0,43850.0,0.0
VIC,09:57:26,Buy Up,3500.0,43850.0,0.0
VIC,09:57:25,Sell Down,100.0,43850.0,0.0
VIC,09:57:25,Sell Down,100.0,43850.0,0.0
VIC,09:57:25,Sell Down,100.0,43850.0,0.0
VIC,09:57:25,Sell Down,700.0,43850.0,0.0
VIC,09:57:25,Sell Down,500.0,43850.0,0.0
VIC,09:57:25,Sell Down,1200.0,43850.0,0.0
VIC,09:57:25,Sell Down,200.0,43850.0,0.0
VIC,09:57:25,Sell Down,200.0,43850.0,0.0
VIC,09:57:25,Sell Down,900.0,43850.0,0.0
VIC,09:57:25,Sell Down,100.0,43850.0,0.0
VIC,09:57:25,Sell Down,400.0,43850.0,0.0
VIC,09:57:25,Sell Down,3800.0,43850.0,0.0
VIC,09:57:25,Sell Down,2700.0,43850.0,0.0
VIC,09:57:25,Sell Down,500.0,43850.0,0.0
VIC,09:57:25,Sell Down,500.0,43850.0,0.0
VIC,09:57:25,Sell Down,100.0,43850.0,-50.0
VIC,09:57:25,Buy Up,100.0,43900.0,50.0
VIC,09:57:25,Sell Down,500.0,43850.0,0.0
VIC,09:57:25,Sell Down,1000.0,43850.0,0.0
VIC,09:57:25,Sell Down,200.0,43850.0,0.0
VIC,09:57:25,Sell Down,100.0,43850.0,0.0
VIC,09:57:25,Sell Down,1600.0,43850.0,-50.0
VIC,09:57:25,Buy Up,400.0,43900.0,0.0
VIC,09:57:25,Buy Up,100.0,43900.0,0.0
VIC,09:57:25,Buy Up,400.0,43900.0,0.0
VIC,09:57:25,Buy Up,400.0,43900.0,0.0
VIC,09:57:25,Buy Up,200.0,43900.0,0.0
VIC,09:57:25,Buy Up,500.0,43900.0,50.0
VIC,09:57:23,Sell Down,2900.0,43850.0,0.0
VIC,09:57:23,Sell Down,100.0,43850.0,0.0
VIC,09:57:23,Sell Down,800.0,43850.0,0.0
VIC,09:57:23,Sell Down,900.0,43850.0,0.0
VIC,09:57:23,Sell Down,2100.0,43850.0,0.0
VIC,09:57:23,Sell Down,300.0,43850.0,0.0
VIC,09:57:23,Sell Down,1000.0,43850.0,0.0
VIC,09:57:23,Sell Down,400.0,43850.0,0.0
VIC,09:57:23,Sell Down,300.0,43850.0,0.0
VIC,09:57:23,Sell Down,800.0,43850.0,0.0
VIC,09:57:23,Sell Down,3800.0,43850.0,0.0
VIC,09:57:22,Sell Down,400.0,43850.0,0.0
VIC,09:57:22,Sell Down,300.0,43850.0,0.0
VIC,09:57:22,Sell Down,100.0,43850.0,0.0
VIC,09:57:22,Sell Down,2300.0,43850.0,0.0
VIC,09:57:22,Sell Down,100.0,43850.0,0.0
VIC,09:57:22,Sell Down,600.0,43850.0,0.0
VIC,09:57:18,Sell Down,900.0,43850.0,-50.0
VIC,09:57:14,Buy Up,600.0,43900.0,50.0
VIC,09:57:14,Sell Down,900.0,43850.0,0.0
VIC,09:57:08,Sell Down,900.0,43850.0,-50.0
VIC,09:57:06,Buy Up,100.0,43900.0,0.0
VIC,09:57:03,Buy Up,2000.0,43900.0,0.0
VIC,09:57:03,Buy Up,3800.0,43900.0,0.0
VIC,09:57:03,Buy Up,3800.0,43900.0,0.0
VIC,09:57:02,Buy Up,400.0,43900.0,50.0
VIC,09:57:02,Sell Down,900.0,43850.0,0.0
VIC,09:56:57,Sell Down,800.0,43850.0,0.0
VIC,09:56:57,Sell Down,100.0,43850.0,0.0
VIC,09:56:53,Sell Down,500.0,43850.0,0.0
VIC,09:56:53,Sell Down,400.0,43850.0,0.0
VIC,09:56:48,Sell Down,900.0,43850.0,0.0
VIC,09:56:42,Sell Down,100.0,43850.0,0.0
VIC,09:56:42,Sell Down,800.0,43850.0,0.0
VIC,09:56:42,Sell Down,100.0,43850.0,0.0
VIC,09:56:37,Sell Down,900.0,43850.0,0.0
VIC,09:56:33,Sell Down,900.0,43850.0,0.0
VIC,09:56:29,Sell Down,1900.0,43850.0,-50.0
VIC,09:56:28,Buy Up,200.0,43900.0,50.0
VIC,09:56:26,Sell Down,900.0,43850.0,0.0
VIC,09:56:22,Sell Down,900.0,43850.0,0.0
VIC,09:56:19,Sell Down,600.0,43850.0,0.0
VIC,09:56:19,Sell Down,100.0,43850.0,0.0
VIC,09:56:19,Sell Down,200.0,43850.0,0.0
VIC,09:56:19,Sell Down,100.0,43850.0,0.0
VIC,09:56:17,Sell Down,400.0,43850.0,0.0
VIC,09:56:17,Sell Down,100.0,43850.0,0.0
VIC,09:56:17,Sell Down,400.0,43850.0,0.0
VIC,09:55:52,Sell Down,100.0,43850.0,0.0
VIC,09:55:52,Sell Down,100.0,43850.0,0.0
VIC,09:55:52,Sell Down,200.0,43850.0,0.0
VIC,09:55:52,Sell Down,1200.0,43850.0,0.0
VIC,09:55:52,Sell Down,500.0,43850.0,0.0
VIC,09:55:52,Sell Down,100.0,43850.0,0.0
VIC,09:55:52,Sell Down,200.0,43850.0,0.0
VIC,09:55:52,Sell Down,500.0,43850.0,0.0
VIC,09:55:52,Sell Down,100.0,43850.0,-50.0
VIC,09:55:49,Buy Up,300.0,43900.0,0.0
VIC,09:55:46,Buy Up,1000.0,43900.0,50.0
VIC,09:55:26,Sell Down,900.0,43850.0,0.0
VIC,09:55:20,Sell Down,500.0,43850.0,0.0
VIC,09:54:51,Sell Down,100.0,43850.0,0.0
VIC,09:54:44,Sell Down,600.0,43850.0,0.0
VIC,09:54:44,Sell Down,100.0,43850.0,0.0
VIC,09:54:44,Sell Down,100.0,43850.0,-50.0
VIC,09:54:35,Buy Up,200.0,43900.0,50.0
VIC,09:53:57,Sell Down,500.0,43850.0,0.0
VIC,09:53:57,Sell Down,200.0,43850.0,0.0
VIC,09:53:31,Sell Down,300.0,43850.0,0.0
VIC,09:53:31,Sell Down,100.0,43850.0,0.0
VIC,09:53:14,Sell Down,400.0,43850.0,0.0
VIC,09:53:14,Sell Down,100.0,43850.0,0.0
VIC,09:53:14,Sell Down,200.0,43850.0,0.0
VIC,09:53:14,Sell Down,200.0,43850.0,0.0
VIC,09:53:14,Sell Down,100.0,43850.0,0.0
VIC,09:53:05,Sell Down,300.0,43850.0,0.0
VIC,09:52:24,Sell Down,500.0,43850.0,0.0
VIC,09:52:24,Sell Down,100.0,43850.0,0.0
VIC,09:52:23,Sell Down,400.0,43850.0,0.0
VIC,09:52:18,Sell Down,100.0,43850.0,0.0
VIC,09:52:07,Sell Down,200.0,43850.0,0.0
VIC,09:52:07,Sell Down,100.0,43850.0,0.0
VIC,09:52:07,Sell Down,100.0,43850.0,0.0
VIC,09:52:07,Sell Down,100.0,43850.0,0.0
VIC,09:52:07,Sell Down,400.0,43850.0,0.0
VIC,09:52:07,Sell Down,300.0,43850.0,0.0
VIC,09:52:07,Sell Down,2000.0,43850.0,0.0
VIC,09:52:07,Sell Down,100.0,43850.0,0.0
VIC,09:52:07,Sell Down,500.0,43850.0,0.0
VIC,09:52:07,Sell Down,100.0,43850.0,0.0
VIC,09:51:52,Sell Down,2200.0,43850.0,-50.0
VIC,09:51:47,Buy Up,100.0,43900.0,50.0
VIC,09:51:43,Sell Down,1000.0,43850.0,0.0
VIC,09:51:27,Sell Down,300.0,43850.0,0.0
VIC,09:51:23,Sell Down,100.0,43850.0,0.0
VIC,09:51:18,Sell Down,1000.0,43850.0,0.0
VIC,09:51:14,Sell Down,500.0,43850.0,0.0
VIC,09:51:13,Sell Down,800.0,43850.0,0.0
VIC,09:51:13,Sell Down,100.0,43850.0,0.0
VIC,09:51:13,Sell Down,100.0,43850.0,0.0
VIC,09:51:13,Sell Down,200.0,43850.0,0.0
VIC,09:51:13,Sell Down,700.0,43850.0,0.0
VIC,09:50:58,Sell Down,300.0,43850.0,0.0
VIC,09:50:58,Sell Down,500.0,43850.0,0.0
VIC,09:50:58,Sell Down,300.0,43850.0,0.0
VIC,09:50:58,Sell Down,500.0,43850.0,0.0
VIC,09:50:58,Sell Down,200.0,43850.0,0.0
VIC,09:50:58,Sell Down,2200.0,43850.0,0.0
VIC,09:50:55,Sell Down,600.0,43850.0,0.0
VIC,09:50:46,Sell Down,600.0,43850.0,0.0
VIC,09:50:38,Sell Down,1000.0,43850.0,0.0
VIC,09:50:38,Sell Down,1900.0,43850.0,0.0
VIC,09:50:38,Sell Down,100.0,43850.0,0.0
VIC,09:50:38,Sell Down,500.0,43850.0,0.0
VIC,09:50:38,Sell Down,100.0,43850.0,0.0
VIC,09:50:38,Sell Down,400.0,43850.0,0.0
VIC,09:50:35,Sell Down,1600.0,43850.0,0.0
VIC,09:50:35,Sell Down,100.0,43850.0,0.0
VIC,09:50:35,Sell Down,700.0,43850.0,0.0
VIC,09:50:35,Sell Down,300.0,43850.0,0.0
VIC,09:50:35,Sell Down,200.0,43850.0,0.0
VIC,09:50:35,Sell Down,100.0,43850.0,0.0
VIC,09:50:34,Sell Down,400.0,43850.0,0.0
VIC,09:50:34,Sell Down,200.0,43850.0,0.0
VIC,09:50:34,Sell Down,300.0,43850.0,0.0
VIC,09:50:30,Sell Down,100.0,43850.0,0.0
VIC,09:50:30,Sell Down,800.0,43850.0,0.0
VIC,09:50:26,Sell Down,200.0,43850.0,0.0
VIC,09:50:26,Sell Down,1100.0,43850.0,0.0
VIC,09:50:26,Sell Down,100.0,43850.0,0.0
VIC,09:50:26,Sell Down,2000.0,43850.0,0.0
VIC,09:50:26,Sell Down,500.0,43850.0,0.0
VIC,09:50:26,Sell Down,100.0,43850.0,0.0
VIC,09:50:24,Sell Down,300.0,43850.0,0.0
VIC,09:50:24,Sell Down,100.0,43850.0,0.0
VIC,09:50:24,Sell Down,100.0,43850.0,0.0
VIC,09:50:24,Sell Down,400.0,43850.0,0.0
VIC,09:50:18,Sell Down,600.0,43850.0,0.0
VIC,09:50:18,Sell Down,300.0,43850.0,0.0
VIC,09:50:16,Sell Down,200.0,43850.0,0.0
VIC,09:50:16,Sell Down,100.0,43850.0,0.0
VIC,09:50:15,Sell Down,1200.0,43850.0,0.0
VIC,09:50:13,Sell Down,800.0,43850.0,0.0
VIC,09:50:13,Sell Down,100.0,43850.0,0.0
VIC,09:50:09,Sell Down,100.0,43850.0,0.0
VIC,09:50:09,Sell Down,100.0,43850.0,0.0
VIC,09:50:09,Sell Down,200.0,43850.0,0.0
VIC,09:50:09,Sell Down,500.0,43850.0,0.0
VIC,09:50:02,Sell Down,900.0,43850.0,-50.0
VIC,09:50:00,Buy Up,100.0,43900.0,50.0
VIC,09:49:58,Sell Down,500.0,43850.0,0.0
VIC,09:49:58,Sell Down,400.0,43850.0,0.0
VIC,09:49:51,Sell Down,800.0,43850.0,0.0
VIC,09:49:51,Sell Down,100.0,43850.0,0.0
VIC,09:49:48,Sell Down,900.0,43850.0,0.0
VIC,09:49:45,Sell Down,200.0,43850.0,0.0
VIC,09:49:45,Sell Down,200.0,43850.0,0.0
VIC,09:49:45,Sell Down,300.0,43850.0,0.0
VIC,09:49:45,Sell Down,1000.0,43850.0,0.0
VIC,09:49:45,Sell Down,1000.0,43850.0,0.0
VIC,09:49:45,Sell Down,1200.0,43850.0,0.0
VIC,09:49:41,Sell Down,100.0,43850.0,0.0
VIC,09:49:41,Sell Down,100.0,43850.0,0.0
VIC,09:49:41,Sell Down,100.0,43850.0,0.0
VIC,09:49:41,Sell Down,100.0,43850.0,0.0
VIC,09:49:41,Sell Down,400.0,43850.0,0.0
VIC,09:49:41,Sell Down,100.0,43850.0,-50.0
VIC,09:49:37,Buy Up,300.0,43900.0,50.0
VIC,09:49:36,Sell Down,500.0,43850.0,0.0
VIC,09:49:36,Sell Down,400.0,43850.0,0.0
VIC,09:49:32,Sell Down,500.0,43850.0,0.0
VIC,09:49:32,Sell Down,100.0,43850.0,0.0
VIC,09:49:32,Sell Down,200.0,43850.0,0.0
VIC,09:49:32,Sell Down,100.0,43850.0,0.0
VIC,09:49:27,Sell Down,300.0,43850.0,0.0
VIC,09:49:27,Sell Down,100.0,43850.0,0.0
VIC,09:49:27,Sell Down,500.0,43850.0,0.0
VIC,09:49:21,Sell Down,900.0,43850.0,0.0
VIC,09:49:20,Sell Down,800.0,43850.0,0.0
VIC,09:49:16,Sell Down,900.0,43850.0,0.0
VIC,09:49:10,Sell Down,900.0,43850.0,-50.0
VIC,09:49:08,Buy Up,100.0,43900.0,50.0
VIC,09:49:05,Sell Down,900.0,43850.0,0.0
VIC,09:48:59,Sell Down,100.0,43850.0,0.0
VIC,09:48:59,Sell Down,800.0,43850.0,0.0
VIC,09:48:54,Sell Down,200.0,43850.0,0.0
VIC,09:48:54,Sell Down,100.0,43850.0,0.0
VIC,09:48:54,Sell Down,200.0,43850.0,0.0
VIC,09:48:54,Sell Down,200.0,43850.0,0.0
VIC,09:48:54,Sell Down,200.0,43850.0,0.0
VIC,09:48:49,Sell Down,900.0,43850.0,0.0
VIC,09:48:44,Sell Down,900.0,43850.0,0.0
VIC,09:48:40,Sell Down,900.0,43850.0,0.0
VIC,09:48:40,Sell Down,400.0,43850.0,0.0
VIC,09:48:36,Sell Down,900.0,43850.0,0.0
VIC,09:48:28,Sell Down,800.0,43850.0,0.0
VIC,09:48:28,Sell Down,100.0,43850.0,0.0
VIC,09:48:23,Sell Down,400.0,43850.0,0.0
VIC,09:48:23,Sell Down,500.0,43850.0,0.0
VIC,09:48:20,Sell Down,500.0,43850.0,0.0
VIC,09:48:20,Sell Down,400.0,43850.0,0.0
VIC,09:48:18,Sell Down,100.0,43850.0,0.0
VIC,09:48:18,Sell Down,3900.0,43850.0,0.0
VIC,09:48:14,Sell Down,900.0,43850.0,0.0
VIC,09:48:09,Sell Down,300.0,43850.0,0.0
VIC,09:48:09,Sell Down,600.0,43850.0,0.0
VIC,09:48:03,Sell Down,500.0,43850.0,0.0
VIC,09:48:03,Sell Down,400.0,43850.0,0.0
VIC,09:47:57,Sell Down,900.0,43850.0,-50.0
VIC,09:47:56,Buy Up,200.0,43900.0,50.0
VIC,09:47:54,Sell Down,900.0,43850.0,0.0
VIC,09:47:51,Sell Down,100.0,43850.0,0.0
VIC,09:47:48,Sell Down,900.0,43850.0,0.0
VIC,09:47:46,Sell Down,100.0,43850.0,0.0
VIC,09:47:45,Sell Down,1000.0,43850.0,0.0
VIC,09:47:42,Sell Down,900.0,43850.0,0.0
VIC,09:47:23,Sell Down,2800.0,43850.0,0.0
VIC,09:46:49,Sell Down,1000.0,43850.0,0.0
VIC,09:46:48,Sell Down,100.0,43850.0,-50.0
VIC,09:46:47,Buy Up,100.0,43900.0,0.0
VIC,09:46:44,Buy Up,800.0,43900.0,0.0
VIC,09:46:44,Buy Up,200.0,43900.0,0.0
VIC,09:46:40,Buy Up,1000.0,43900.0,0.0
VIC,09:46:32,Buy Up,100.0,43900.0,0.0
VIC,09:46:23,Buy Up,400.0,43900.0,0.0
VIC,09:46:19,Buy Up,2100.0,43900.0,0.0
VIC,09:46:19,Buy Up,900.0,43900.0,0.0
VIC,09:45:58,Buy Up,300.0,43900.0,0.0
VIC,09:45:52,Buy Up,100.0,43900.0,0.0
VIC,09:45:23,Buy Up,2000.0,43900.0,50.0
VIC,09:45:03,Sell Down,100.0,43850.0,0.0
VIC,09:44:36,Sell Down,700.0,43850.0,0.0
VIC,09:44:36,Sell Down,300.0,43850.0,0.0
VIC,09:44:31,Buy Up,700.0,43850.0,0.0
VIC,09:44:31,Buy Up,500.0,43850.0,0.0
VIC,09:44:26,Buy Up,100.0,43850.0,0.0
VIC,09:44:25,Buy Up,4000.0,43850.0,0.0
VIC,09:44:11,Buy Up,500.0,43850.0,0.0
VIC,09:44:10,Sell Down,1400.0,43850.0,0.0
VIC,09:44:10,Sell Down,500.0,43850.0,0.0
VIC,09:44:10,Sell Down,500.0,43850.0,0.0
VIC,09:44:10,Sell Down,1000.0,43850.0,0.0
VIC,09:44:10,Sell Down,1400.0,43850.0,0.0
VIC,09:44:10,Sell Down,400.0,43850.0,0.0
VIC,09:43:48,Sell Down,100.0,43850.0,0.0
VIC,09:43:48,Sell Down,100.0,43850.0,0.0
VIC,09:43:41,Sell Down,200.0,43850.0,0.0
VIC,09:43:21,Buy Up,100.0,43850.0,0.0
VIC,09:43:21,Buy Up,600.0,43850.0,0.0
VIC,09:43:21,Buy Up,400.0,43850.0,0.0
VIC,09:43:21,Buy Up,600.0,43850.0,0.0
VIC,09:43:19,Buy Up,100.0,43850.0,0.0
VIC,09:43:15,Buy Up,500.0,43850.0,0.0
VIC,09:43:00,Buy Up,500.0,43850.0,0.0
VIC,09:42:54,Buy Up,3000.0,43850.0,0.0
VIC,09:42:49,Buy Up,300.0,43850.0,0.0
VIC,09:42:49,Buy Up,200.0,43850.0,0.0
VIC,09:42:26,Buy Up,200.0,43850.0,50.0
VIC,09:42:24,Sell Down,400.0,43800.0,0.0
VIC,09:42:24,Sell Down,100.0,43800.0,0.0
VIC,09:42:24,Sell Down,300.0,43800.0,0.0
VIC,09:42:24,Sell Down,100.0,43800.0,0.0
VIC,09:42:24,Sell Down,100.0,43800.0,0.0
VIC,09:42:24,Sell Down,500.0,43800.0,0.0
VIC,09:42:24,Sell Down,200.0,43800.0,0.0
VIC,09:42:24,Sell Down,100.0,43800.0,-50.0
VIC,09:42:17,Buy Up,800.0,43850.0,0.0
VIC,09:42:01,Buy Up,100.0,43850.0,0.0
VIC,09:42:01,Sell Down,1000.0,43850.0,0.0
VIC,09:42:01,Sell Down,100.0,43850.0,0.0
VIC,09:42:01,Sell Down,100.0,43850.0,0.0
VIC,09:42:01,Sell Down,900.0,43850.0,0.0
VIC,09:42:01,Sell Down,700.0,43850.0,0.0
VIC,09:42:01,Sell Down,100.0,43850.0,0.0
VIC,09:42:01,Sell Down,100.0,43850.0,0.0
VIC,09:42:01,Sell Down,300.0,43850.0,0.0
VIC,09:42:00,Sell Down,100.0,43850.0,0.0
VIC,09:41:52,Sell Down,600.0,43850.0,0.0
VIC,09:41:52,Sell Down,100.0,43850.0,0.0
VIC,09:41:52,Sell Down,300.0,43850.0,0.0
VIC,09:41:33,Sell Down,100.0,43850.0,0.0
VIC,09:41:31,Sell Down,700.0,43850.0,0.0
VIC,09:41:24,Sell Down,3500.0,43850.0,0.0
VIC,09:40:25,Sell Down,400.0,43850.0,0.0
VIC,09:40:25,Sell Down,1100.0,43850.0,0.0
VIC,09:40:25,Sell Down,1000.0,43850.0,0.0
VIC,09:40:25,Sell Down,200.0,43850.0,0.0
VIC,09:40:22,Sell Down,300.0,43850.0,0.0
VIC,09:40:22,Sell Down,200.0,43850.0,0.0
VIC,09:40:22,Sell Down,300.0,43850.0,0.0
VIC,09:40:22,Sell Down,200.0,43850.0,0.0
VIC,09:40:22,Sell Down,300.0,43850.0,0.0
VIC,09:40:22,Sell Down,200.0,43850.0,0.0
VIC,09:40:22,Sell Down,1000.0,43850.0,0.0
VIC,09:40:17,Sell Down,100.0,43850.0,0.0
VIC,09:40:01,Sell Down,100.0,43850.0,0.0
VIC,09:40:01,Sell Down,100.0,43850.0,0.0
VIC,09:40:01,Sell Down,500.0,43850.0,0.0
VIC,09:40:01,Sell Down,1000.0,43850.0,0.0
VIC,09:40:01,Sell Down,200.0,43850.0,0.0
VIC,09:39:56,Sell Down,700.0,43850.0,0.0
VIC,09:39:37,Sell Down,200.0,43850.0,0.0
VIC,09:39:36,Sell Down,400.0,43850.0,0.0
VIC,09:39:32,Sell Down,500.0,43850.0,0.0
VIC,09:39:29,Sell Down,100.0,43850.0,0.0
VIC,09:39:26,Sell Down,900.0,43850.0,0.0
VIC,09:39:26,Sell Down,100.0,43850.0,0.0
VIC,09:39:26,Sell Down,200.0,43850.0,0.0
VIC,09:39:26,Sell Down,300.0,43850.0,0.0
VIC,09:39:26,Sell Down,1000.0,43850.0,0.0
VIC,09:39:26,Sell Down,500.0,43850.0,0.0
VIC,09:39:26,Sell Down,100.0,43850.0,0.0
VIC,09:39:26,Sell Down,500.0,43850.0,0.0
VIC,09:39:26,Sell Down,100.0,43850.0,0.0
VIC,09:39:26,Sell Down,200.0,43850.0,0.0
VIC,09:39:26,Sell Down,500.0,43850.0,0.0
VIC,09:39:26,Sell Down,400.0,43850.0,0.0
VIC,09:39:26,Sell Down,100.0,43850.0,0.0
VIC,09:39:26,Sell Down,100.0,43850.0,0.0
VIC,09:39:26,Sell Down,100.0,43850.0,0.0
VIC,09:39:26,Sell Down,3900.0,43850.0,0.0
VIC,09:38:51,Sell Down,100.0,43850.0,0.0
VIC,09:38:47,Sell Down,1600.0,43850.0,0.0
VIC,09:38:46,Sell Down,300.0,43850.0,0.0
VIC,09:38:34,Sell Down,700.0,43850.0,0.0
VIC,09:38:34,Sell Down,200.0,43850.0,0.0
VIC,09:38:34,Sell Down,4100.0,43850.0,0.0
VIC,09:38:27,Sell Down,200.0,43850.0,0.0
VIC,09:37:41,Sell Down,100.0,43850.0,0.0
VIC,09:37:41,Sell Down,100.0,43850.0,0.0
VIC,09:37:18,Sell Down,1400.0,43850.0,0.0
VIC,09:37:17,Sell Down,500.0,43850.0,0.0
VIC,09:37:17,Sell Down,1500.0,43850.0,0.0
VIC,09:37:17,Sell Down,1000.0,43850.0,0.0
VIC,09:37:17,Sell Down,500.0,43850.0,0.0
VIC,09:37:17,Sell Down,1000.0,43850.0,0.0
VIC,09:37:17,Sell Down,500.0,43850.0,0.0
VIC,09:37:14,Sell Down,100.0,43850.0,0.0
VIC,09:36:25,Sell Down,400.0,43850.0,0.0
VIC,09:36:25,Sell Down,100.0,43850.0,0.0
VIC,09:36:25,Sell Down,100.0,43850.0,0.0
VIC,09:36:25,Sell Down,200.0,43850.0,0.0
VIC,09:36:25,Sell Down,100.0,43850.0,0.0
VIC,09:36:25,Sell Down,400.0,43850.0,0.0
VIC,09:36:15,Sell Down,200.0,43850.0,0.0
VIC,09:35:40,Sell Down,2500.0,43850.0,0.0
VIC,09:35:27,Sell Down,500.0,43850.0,0.0
VIC,09:35:20,Sell Down,300.0,43850.0,0.0
VIC,09:35:03,Sell Down,700.0,43850.0,0.0
VIC,09:34:28,Sell Down,400.0,43850.0,0.0
VIC,09:34:28,Sell Down,600.0,43850.0,0.0
VIC,09:34:26,Sell Down,1500.0,43850.0,0.0
VIC,09:33:35,Sell Down,100.0,43850.0,0.0
VIC,09:33:18,Sell Down,100.0,43850.0,0.0
VIC,09:33:18,Sell Down,500.0,43850.0,0.0
VIC,09:33:18,Sell Down,200.0,43850.0,0.0
VIC,09:33:18,Sell Down,100.0,43850.0,0.0
VIC,09:33:18,Sell Down,100.0,43850.0,0.0
VIC,09:33:18,Sell Down,3000.0,43850.0,0.0
VIC,09:32:59,Sell Down,500.0,43850.0,0.0
VIC,09:32:59,Sell Down,1000.0,43850.0,0.0
VIC,09:32:44,Sell Down,1000.0,43850.0,0.0
VIC,09:32:39,Sell Down,500.0,43850.0,0.0
VIC,09:32:38,Sell Down,1000.0,43850.0,0.0
VIC,09:32:38,Sell Down,1000.0,43850.0,-50.0
VIC,09:32:22,Buy Up,500.0,43900.0,0.0
VIC,09:32:22,Buy Up,3800.0,43900.0,0.0
VIC,09:32:22,Buy Up,700.0,43900.0,50.0
VIC,09:32:05,Buy Up,200.0,43850.0,0.0
VIC,09:32:05,Buy Up,800.0,43850.0,0.0
VIC,09:32:01,Buy Up,300.0,43850.0,0.0
VIC,09:32:01,Buy Up,500.0,43850.0,0.0
VIC,09:32:01,Buy Up,1000.0,43850.0,0.0
VIC,09:32:01,Buy Up,100.0,43850.0,0.0
VIC,09:32:01,Buy Up,300.0,43850.0,0.0
VIC,09:31:46,Sell Down,1900.0,43850.0,0.0
VIC,09:31:38,Sell Down,500.0,43850.0,0.0
VIC,09:31:29,Sell Down,200.0,43850.0,0.0
VIC,09:31:29,Sell Down,100.0,43850.0,0.0
VIC,09:31:29,Sell Down,100.0,43850.0,0.0
VIC,09:31:29,Sell Down,100.0,43850.0,0.0
VIC,09:31:29,Sell Down,4500.0,43850.0,0.0
VIC,09:31:28,Sell Down,300.0,43850.0,0.0
VIC,09:31:12,Sell Down,200.0,43850.0,0.0
VIC,09:31:12,Sell Down,100.0,43850.0,0.0
VIC,09:31:12,Sell Down,500.0,43850.0,0.0
VIC,09:31:12,Sell Down,1000.0,43850.0,0.0
VIC,09:31:12,Sell Down,200.0,43850.0,-50.0
VIC,09:31:06,Buy Up,300.0,43900.0,0.0
VIC,09:31:06,Buy Up,700.0,43900.0,0.0
VIC,09:31:04,Buy Up,100.0,43900.0,0.0
VIC,09:31:01,Buy Up,100.0,43900.0,0.0
VIC,09:31:01,Buy Up,100.0,43900.0,0.0
VIC,09:30:59,Sell Down,100.0,43900.0,0.0
VIC,09:30:59,Sell Down,200.0,43900.0,0.0
VIC,09:30:59,Sell Down,700.0,43900.0,0.0
VIC,09:30:58,Sell Down,1000.0,43900.0,0.0
VIC,09:30:53,Sell Down,100.0,43900.0,0.0
VIC,09:30:46,Sell Down,1200.0,43900.0,0.0
VIC,09:30:15,Sell Down,2000.0,43900.0,0.0
VIC,09:30:15,Sell Down,100.0,43900.0,0.0
VIC,09:30:15,Sell Down,300.0,43900.0,0.0
VIC,09:30:15,Sell Down,600.0,43900.0,0.0
VIC,09:30:10,Sell Down,100.0,43900.0,-50.0
VIC,09:30:02,Buy Up,100.0,43950.0,50.0
VIC,09:30:00,Sell Down,300.0,43900.0,0.0
VIC,09:30:00,Sell Down,100.0,43900.0,0.0
VIC,09:30:00,Sell Down,300.0,43900.0,0.0
VIC,09:30:00,Sell Down,100.0,43900.0,0.0
VIC,09:30:00,Sell Down,200.0,43900.0,0.0
VIC,09:30:00,Sell Down,1000.0,43900.0,0.0
VIC,09:29:56,Sell Down,100.0,43900.0,0.0
VIC,09:29:36,Sell Down,500.0,43900.0,0.0
VIC,09:29:32,Sell Down,100.0,43900.0,0.0
VIC,09:28:48,Sell Down,1000.0,43900.0,0.0
VIC,09:28:43,Sell Down,100.0,43900.0,0.0
VIC,09:28:42,Sell Down,100.0,43900.0,-50.0
VIC,09:28:35,Buy Up,1000.0,43950.0,50.0
VIC,09:28:28,Sell Down,100.0,43900.0,0.0
VIC,09:28:28,Sell Down,100.0,43900.0,0.0
VIC,09:28:28,Sell Down,100.0,43900.0,0.0
VIC,09:28:28,Sell Down,100.0,43900.0,0.0
VIC,09:28:28,Sell Down,100.0,43900.0,0.0
VIC,09:28:28,Sell Down,100.0,43900.0,0.0
VIC,09:28:28,Sell Down,1000.0,43900.0,0.0
VIC,09:28:28,Sell Down,200.0,43900.0,0.0
VIC,09:28:28,Sell Down,200.0,43900.0,0.0
VIC,09:28:28,Sell Down,100.0,43900.0,0.0
VIC,09:28:28,Sell Down,900.0,43900.0,0.0
VIC,09:27:59,Sell Down,200.0,43900.0,0.0
VIC,09:27:48,Sell Down,900.0,43900.0,0.0
VIC,09:27:48,Sell Down,100.0,43900.0,0.0
VIC,09:27:40,Sell Down,100.0,43900.0,0.0
VIC,09:27:40,Sell Down,100.0,43900.0,0.0
VIC,09:27:40,Sell Down,200.0,43900.0,0.0
VIC,09:27:40,Sell Down,100.0,43900.0,0.0
VIC,09:27:27,Sell Down,900.0,43900.0,0.0
VIC,09:27:27,Sell Down,100.0,43900.0,0.0
VIC,09:27:00,Sell Down,200.0,43900.0,-50.0
VIC,09:26:44,Sell Down,2000.0,43950.0,0.0
VIC,09:26:44,Sell Down,100.0,43950.0,0.0
VIC,09:26:23,Sell Down,2000.0,43950.0,0.0
VIC,09:26:13,Sell Down,200.0,43950.0,0.0
VIC,09:26:13,Sell Down,100.0,43950.0,-50.0
VIC,09:25:55,Buy Up,300.0,44000.0,0.0
VIC,09:25:55,Buy Up,700.0,44000.0,0.0
VIC,09:25:53,Sell Down,300.0,44000.0,0.0
VIC,09:25:53,Sell Down,100.0,44000.0,0.0
VIC,09:25:47,Sell Down,100.0,44000.0,0.0
VIC,09:25:47,Sell Down,100.0,44000.0,0.0
VIC,09:25:47,Sell Down,100.0,44000.0,0.0
VIC,09:25:47,Sell Down,200.0,44000.0,0.0
VIC,09:25:46,Sell Down,200.0,44000.0,0.0
VIC,09:25:46,Sell Down,200.0,44000.0,0.0
VIC,09:25:46,Sell Down,200.0,44000.0,0.0
VIC,09:25:46,Sell Down,100.0,44000.0,0.0
VIC,09:25:46,Sell Down,100.0,44000.0,0.0
VIC,09:25:46,Sell Down,200.0,44000.0,0.0
VIC,09:25:46,Sell Down,200.0,44000.0,0.0
VIC,09:25:46,Sell Down,1200.0,44000.0,0.0
VIC,09:25:46,Sell Down,100.0,44000.0,0.0
VIC,09:25:46,Sell Down,100.0,44000.0,0.0
VIC,09:25:46,Sell Down,300.0,44000.0,0.0
VIC,09:25:46,Sell Down,600.0,44000.0,0.0
VIC,09:25:46,Sell Down,2500.0,44000.0,0.0
VIC,09:25:46,Sell Down,600.0,44000.0,0.0
VIC,09:25:46,Sell Down,100.0,44000.0,0.0
VIC,09:25:46,Sell Down,800.0,44000.0,0.0
VIC,09:25:45,Sell Down,200.0,44000.0,0.0
VIC,09:25:42,Sell Down,1400.0,44000.0,0.0
VIC,09:25:31,Sell Down,500.0,44000.0,-50.0
VIC,09:25:27,Buy Up,100.0,44050.0,50.0
VIC,09:25:27,Sell Down,3300.0,44000.0,0.0
VIC,09:25:27,Sell Down,100.0,44000.0,0.0
VIC,09:25:27,Sell Down,100.0,44000.0,-50.0
VIC,09:25:22,Buy Up,200.0,44050.0,0.0
VIC,09:25:12,Buy Up,100.0,44050.0,0.0
VIC,09:24:59,Buy Up,500.0,44050.0,0.0
VIC,09:24:56,Sell Down,300.0,44050.0,0.0
VIC,09:24:56,Sell Down,400.0,44050.0,0.0
VIC,09:24:49,Sell Down,100.0,44050.0,0.0
VIC,09:24:43,Buy Up,400.0,44050.0,0.0
VIC,09:24:43,Buy Up,100.0,44050.0,0.0
VIC,09:24:29,Sell Down,100.0,44050.0,0.0
VIC,09:24:29,Sell Down,100.0,44050.0,-50.0
VIC,09:24:29,Buy Up,100.0,44100.0,50.0
VIC,09:24:25,Sell Down,400.0,44050.0,0.0
VIC,09:24:21,Sell Down,100.0,44050.0,0.0
VIC,09:24:21,Sell Down,400.0,44050.0,0.0
VIC,09:24:20,Sell Down,100.0,44050.0,0.0
VIC,09:24:19,Sell Down,300.0,44050.0,0.0
VIC,09:24:05,Sell Down,200.0,44050.0,-50.0
VIC,09:23:53,Sell Down,100.0,44100.0,0.0
VIC,09:23:53,Sell Down,100.0,44100.0,0.0
VIC,09:23:53,Sell Down,100.0,44100.0,0.0
VIC,09:23:53,Sell Down,100.0,44100.0,0.0
VIC,09:23:53,Sell Down,100.0,44100.0,0.0
VIC,09:23:53,Sell Down,100.0,44100.0,0.0
VIC,09:23:53,Sell Down,1000.0,44100.0,0.0
VIC,09:23:53,Sell Down,200.0,44100.0,0.0
VIC,09:23:53,Sell Down,1000.0,44100.0,0.0
VIC,09:23:53,Sell Down,2300.0,44100.0,0.0
VIC,09:23:50,Sell Down,900.0,44100.0,-50.0
VIC,09:23:45,Buy Up,100.0,44150.0,50.0
VIC,09:23:44,Sell Down,200.0,44100.0,0.0
VIC,09:23:44,Sell Down,700.0,44100.0,-50.0
VIC,09:23:30,Buy Up,100.0,44150.0,0.0
VIC,09:23:24,Buy Up,1100.0,44150.0,0.0
VIC,09:22:52,Sell Down,2500.0,44150.0,0.0
VIC,09:22:52,Sell Down,100.0,44150.0,0.0
VIC,09:22:52,Sell Down,300.0,44150.0,0.0
VIC,09:22:52,Sell Down,100.0,44150.0,0.0
VIC,09:22:52,Sell Down,1000.0,44150.0,0.0
VIC,09:22:52,Sell Down,600.0,44150.0,0.0
VIC,09:22:52,Sell Down,200.0,44150.0,0.0
VIC,09:22:52,Sell Down,1100.0,44150.0,0.0
VIC,09:22:52,Sell Down,6700.0,44150.0,0.0
VIC,09:22:29,Sell Down,100.0,44150.0,0.0
VIC,09:22:26,Sell Down,400.0,44150.0,0.0
VIC,09:22:19,Sell Down,100.0,44150.0,0.0
VIC,09:22:12,Sell Down,900.0,44150.0,-50.0
VIC,09:22:05,Buy Up,100.0,44200.0,50.0
VIC,09:22:05,Sell Down,800.0,44150.0,0.0
VIC,09:22:03,Sell Down,5000.0,44150.0,0.0
VIC,09:20:49,Sell Down,100.0,44150.0,0.0
VIC,09:20:49,Sell Down,800.0,44150.0,0.0
VIC,09:20:26,Sell Down,100.0,44150.0,0.0
VIC,09:20:04,Sell Down,200.0,44150.0,0.0
VIC,09:19:59,Sell Down,200.0,44150.0,0.0
VIC,09:19:49,Sell Down,1100.0,44150.0,0.0
VIC,09:19:41,Sell Down,1000.0,44150.0,0.0
VIC,09:19:41,Sell Down,100.0,44150.0,0.0
VIC,09:19:41,Sell Down,1000.0,44150.0,0.0
VIC,09:19:41,Sell Down,100.0,44150.0,0.0
VIC,09:19:41,Sell Down,300.0,44150.0,0.0
VIC,09:19:41,Sell Down,1000.0,44150.0,0.0
VIC,09:19:41,Sell Down,2000.0,44150.0,0.0
VIC,09:19:39,Buy Up,200.0,44150.0,0.0
VIC,09:19:24,Buy Up,500.0,44150.0,0.0
VIC,09:19:19,Buy Up,300.0,44150.0,0.0
VIC,09:19:19,Buy Up,100.0,44150.0,0.0
VIC,09:19:16,Buy Up,400.0,44150.0,0.0
VIC,09:19:03,Buy Up,100.0,44150.0,0.0
VIC,09:19:00,Sell Down,200.0,44150.0,0.0
VIC,09:19:00,Sell Down,400.0,44150.0,0.0
VIC,09:18:59,Sell Down,100.0,44150.0,0.0
VIC,09:18:54,Buy Up,100.0,44150.0,0.0
VIC,09:18:54,Buy Up,700.0,44150.0,0.0
VIC,09:18:48,Buy Up,300.0,44150.0,0.0
VIC,09:18:29,Sell Down,200.0,44150.0,0.0
VIC,09:18:19,Buy Up,100.0,44150.0,0.0
VIC,09:18:19,Buy Up,1200.0,44150.0,0.0
VIC,09:18:19,Buy Up,700.0,44150.0,0.0
VIC,09:18:19,Buy Up,1000.0,44150.0,0.0
VIC,09:18:19,Buy Up,200.0,44150.0,0.0
VIC,09:18:18,Sell Down,500.0,44150.0,0.0
VIC,09:18:14,Sell Down,9000.0,44150.0,0.0
VIC,09:18:10,Sell Down,300.0,44150.0,0.0
VIC,09:18:07,Sell Down,200.0,44150.0,0.0
VIC,09:18:07,Sell Down,100.0,44150.0,0.0
VIC,09:18:07,Sell Down,400.0,44150.0,0.0
VIC,09:18:07,Sell Down,100.0,44150.0,0.0
VIC,09:18:07,Sell Down,100.0,44150.0,0.0
VIC,09:18:04,Sell Down,900.0,44150.0,0.0
VIC,09:18:04,Sell Down,100.0,44150.0,0.0
VIC,09:17:51,Sell Down,200.0,44150.0,0.0
VIC,09:17:51,Sell Down,100.0,44150.0,0.0
VIC,09:17:40,Sell Down,1900.0,44150.0,-50.0
VIC,09:17:24,Buy Up,100.0,44200.0,50.0
VIC,09:17:21,Sell Down,200.0,44150.0,-50.0
VIC,09:17:20,Buy Up,2000.0,44200.0,50.0
VIC,09:17:20,Sell Down,1100.0,44150.0,0.0
VIC,09:17:13,Sell Down,500.0,44150.0,-50.0
VIC,09:17:12,Buy Up,100.0,44200.0,0.0
VIC,09:17:11,Buy Up,5000.0,44200.0,0.0
VIC,09:17:08,Buy Up,500.0,44200.0,0.0
VIC,09:16:49,Buy Up,200.0,44200.0,50.0
VIC,09:16:47,Sell Down,4000.0,44150.0,-50.0
VIC,09:16:43,Buy Up,100.0,44200.0,0.0
VIC,09:16:43,Buy Up,300.0,44200.0,0.0
VIC,09:16:41,Buy Up,500.0,44200.0,0.0
VIC,09:16:17,Buy Up,200.0,44200.0,0.0
VIC,09:16:17,Buy Up,1800.0,44200.0,0.0
VIC,09:16:14,Buy Up,700.0,44200.0,0.0
VIC,09:16:14,Buy Up,1000.0,44200.0,0.0
VIC,09:16:14,Buy Up,100.0,44200.0,0.0
VIC,09:16:14,Buy Up,100.0,44200.0,0.0
VIC,09:16:14,Buy Up,100.0,44200.0,50.0
VIC,09:16:14,Sell Down,200.0,44150.0,0.0
VIC,09:16:00,Sell Down,200.0,44150.0,0.0
VIC,09:16:00,Sell Down,200.0,44150.0,0.0
VIC,09:15:19,Sell Down,200.0,44150.0,0.0
VIC,09:15:18,Sell Down,2000.0,44150.0,0.0
VIC,09:15:00,,14400.0,44150.0,0.0
