ticker,time,orderType,volume,price,prevPriceChange
HSG,11:29:43,Sell Down,5000,22600.0,0.0
HSG,11:29:40,Sell Down,1200,22600.0,0.0
HSG,11:29:30,Sell Down,1800,22600.0,0.0
HSG,11:29:24,Sell Down,1000,22600.0,0.0
HSG,11:29:23,Sell Down,300,22600.0,0.0
HSG,11:29:20,Sell Down,1500,22600.0,0.0
HSG,11:29:10,Sell Down,7000,22600.0,0.0
HSG,11:29:08,Sell Down,3500,22600.0,0.0
HSG,11:28:48,Sell Down,1900,22600.0,0.0
HSG,11:28:48,Sell Down,10000,22600.0,0.0
HSG,11:28:46,Sell Down,2300,22600.0,0.0
HSG,11:28:28,Sell Down,200,22600.0,0.0
HSG,11:28:28,Sell Down,1000,22600.0,0.0
HSG,11:28:28,Sell Down,500,22600.0,0.0
HSG,11:28:28,Sell Down,100,22600.0,0.0
HSG,11:28:28,Sell Down,200,22600.0,0.0
HSG,11:28:28,Sell Down,100,22600.0,0.0
HSG,11:28:28,Sell Down,900,22600.0,-50.0
HSG,11:28:17,Buy Up,2000,22650.0,0.0
HSG,11:28:15,Buy Up,1000,22650.0,0.0
HSG,11:28:06,Buy Up,100,22650.0,50.0
HSG,11:28:01,Sell Down,1100,22600.0,0.0
HSG,11:28:01,Sell Down,800,22600.0,-50.0
HSG,11:27:58,Buy Up,5000,22650.0,0.0
HSG,11:27:51,Buy Up,5000,22650.0,0.0
HSG,11:27:46,Buy Up,200,22650.0,0.0
HSG,11:27:38,Buy Up,10000,22650.0,50.0
HSG,11:27:24,Sell Down,4200,22600.0,0.0
HSG,11:27:24,Sell Down,400,22600.0,0.0
HSG,11:27:24,Sell Down,500,22600.0,0.0
HSG,11:27:24,Sell Down,1000,22600.0,0.0
HSG,11:27:24,Sell Down,900,22600.0,-50.0
HSG,11:27:16,Buy Up,3000,22650.0,50.0
HSG,11:27:15,Sell Down,1600,22600.0,0.0
HSG,11:27:15,Sell Down,100,22600.0,-50.0
HSG,11:26:59,Buy Up,100,22650.0,0.0
HSG,11:26:59,Buy Up,200,22650.0,0.0
HSG,11:26:51,Buy Up,500,22650.0,50.0
HSG,11:26:32,Sell Down,1800,22600.0,-50.0
HSG,11:26:02,Buy Up,200,22650.0,0.0
HSG,11:26:01,Buy Up,1000,22650.0,0.0
HSG,11:26:01,Buy Up,400,22650.0,0.0
HSG,11:26:01,Buy Up,1800,22650.0,0.0
HSG,11:26:01,Buy Up,100,22650.0,0.0
HSG,11:26:01,Buy Up,3000,22650.0,0.0
HSG,11:26:01,Buy Up,3700,22650.0,50.0
HSG,11:25:59,Sell Down,200,22600.0,0.0
HSG,11:25:59,Sell Down,200,22600.0,0.0
HSG,11:25:59,Sell Down,300,22600.0,0.0
HSG,11:25:59,Sell Down,200,22600.0,0.0
HSG,11:25:59,Sell Down,400,22600.0,0.0
HSG,11:25:59,Sell Down,100,22600.0,0.0
HSG,11:25:59,Sell Down,100,22600.0,0.0
HSG,11:25:59,Sell Down,100,22600.0,0.0
HSG,11:25:59,Sell Down,300,22600.0,0.0
HSG,11:25:59,Sell Down,200,22600.0,0.0
HSG,11:25:59,Sell Down,300,22600.0,0.0
HSG,11:25:59,Sell Down,300,22600.0,0.0
HSG,11:25:59,Sell Down,200,22600.0,-50.0
HSG,11:25:51,Buy Up,5000,22650.0,50.0
HSG,11:25:50,Sell Down,1500,22600.0,0.0
HSG,11:25:50,Sell Down,100,22600.0,0.0
HSG,11:25:50,Sell Down,400,22600.0,-50.0
HSG,11:25:35,Buy Up,2000,22650.0,0.0
HSG,11:25:25,Buy Up,1000,22650.0,0.0
HSG,11:25:25,Buy Up,9000,22650.0,50.0
HSG,11:25:24,Sell Down,100,22600.0,0.0
HSG,11:25:15,Sell Down,300,22600.0,-50.0
HSG,11:25:09,Buy Up,2000,22650.0,0.0
HSG,11:25:08,Buy Up,600,22650.0,0.0
HSG,11:24:59,Buy Up,1000,22650.0,50.0
HSG,11:24:59,Sell Down,1200,22600.0,0.0
HSG,11:24:59,Sell Down,500,22600.0,0.0
HSG,11:24:59,Sell Down,500,22600.0,-50.0
HSG,11:24:54,Sell Down,300,22650.0,0.0
HSG,11:24:54,Sell Down,15000,22650.0,0.0
HSG,11:24:54,Sell Down,1000,22650.0,0.0
HSG,11:24:54,Sell Down,3500,22650.0,0.0
HSG,11:24:54,Sell Down,500,22650.0,0.0
HSG,11:24:54,Sell Down,10000,22650.0,0.0
HSG,11:24:54,Sell Down,10000,22650.0,0.0
HSG,11:24:53,Sell Down,5000,22650.0,0.0
HSG,11:24:53,Sell Down,100,22650.0,0.0
HSG,11:24:53,Sell Down,1000,22650.0,0.0
HSG,11:24:53,Sell Down,16000,22650.0,-50.0
HSG,11:24:46,Buy Up,200,22700.0,50.0
HSG,11:24:23,Sell Down,500,22650.0,0.0
HSG,11:24:12,Sell Down,900,22650.0,0.0
HSG,11:24:07,Sell Down,600,22650.0,0.0
HSG,11:24:07,Sell Down,1100,22650.0,0.0
HSG,11:24:02,Sell Down,100,22650.0,-50.0
HSG,11:23:57,Buy Up,400,22700.0,50.0
HSG,11:23:29,Sell Down,8800,22650.0,50.0
HSG,11:23:24,Sell Down,1800,22600.0,-50.0
HSG,11:23:20,Buy Up,100,22650.0,0.0
HSG,11:23:18,Buy Up,100,22650.0,0.0
HSG,11:23:13,Buy Up,500,22650.0,0.0
HSG,11:23:08,Buy Up,500,22650.0,0.0
HSG,11:23:08,Buy Up,3400,22650.0,0.0
HSG,11:23:08,Buy Up,3100,22650.0,0.0
HSG,11:23:04,Buy Up,500,22650.0,0.0
HSG,11:23:04,Buy Up,500,22650.0,0.0
HSG,11:23:02,Buy Up,5000,22650.0,0.0
HSG,11:22:53,Buy Up,4600,22650.0,0.0
HSG,11:22:51,Buy Up,500,22650.0,0.0
HSG,11:22:45,Buy Up,19400,22650.0,0.0
HSG,11:22:45,Buy Up,500,22650.0,0.0
HSG,11:22:45,Buy Up,500,22650.0,0.0
HSG,11:22:45,Buy Up,500,22650.0,0.0
HSG,11:22:45,Buy Up,2000,22650.0,0.0
HSG,11:22:45,Buy Up,1000,22650.0,0.0
HSG,11:22:45,Buy Up,3000,22650.0,0.0
HSG,11:22:45,Buy Up,400,22650.0,0.0
HSG,11:22:45,Buy Up,3500,22650.0,0.0
HSG,11:22:45,Buy Up,19200,22650.0,50.0
HSG,11:22:42,Sell Down,2700,22600.0,0.0
HSG,11:22:42,Sell Down,200,22600.0,0.0
HSG,11:22:42,Sell Down,3000,22600.0,0.0
HSG,11:22:42,Sell Down,10000,22600.0,0.0
HSG,11:22:42,Sell Down,100,22600.0,0.0
HSG,11:22:42,Sell Down,1000,22600.0,0.0
HSG,11:22:42,Sell Down,1000,22600.0,0.0
HSG,11:22:42,Sell Down,1500,22600.0,0.0
HSG,11:22:42,Sell Down,2100,22600.0,0.0
HSG,11:22:41,Sell Down,1700,22600.0,-50.0
HSG,11:22:35,Buy Up,500,22650.0,0.0
HSG,11:22:20,Buy Up,300,22650.0,0.0
HSG,11:22:20,Buy Up,200,22650.0,0.0
HSG,11:22:20,Buy Up,900,22650.0,0.0
HSG,11:22:15,Buy Up,1000,22650.0,0.0
HSG,11:21:59,Buy Up,300,22650.0,50.0
HSG,11:21:58,Sell Down,200,22600.0,0.0
HSG,11:21:58,Sell Down,1000,22600.0,0.0
HSG,11:21:58,Sell Down,100,22600.0,0.0
HSG,11:21:58,Sell Down,500,22600.0,-50.0
HSG,11:21:53,Buy Up,500,22650.0,0.0
HSG,11:21:37,Buy Up,600,22650.0,0.0
HSG,11:21:34,Buy Up,400,22650.0,0.0
HSG,11:21:34,Buy Up,1600,22650.0,50.0
HSG,11:21:29,Sell Down,300,22600.0,0.0
HSG,11:21:29,Sell Down,300,22600.0,-50.0
HSG,11:21:29,Buy Up,100,22650.0,0.0
HSG,11:21:19,Buy Up,200,22650.0,50.0
HSG,11:21:15,Sell Down,1900,22600.0,-50.0
HSG,11:21:13,Buy Up,500,22650.0,0.0
HSG,11:21:08,Buy Up,500,22650.0,0.0
HSG,11:20:53,Buy Up,1000,22650.0,0.0
HSG,11:20:45,Buy Up,1100,22650.0,0.0
HSG,11:20:45,Buy Up,600,22650.0,0.0
HSG,11:20:45,Buy Up,1000,22650.0,0.0
HSG,11:20:45,Buy Up,1000,22650.0,0.0
HSG,11:20:45,Buy Up,5000,22650.0,0.0
HSG,11:20:45,Buy Up,31300,22650.0,50.0
HSG,11:20:30,Sell Down,1900,22600.0,-50.0
HSG,11:20:23,Sell Down,5000,22650.0,0.0
HSG,11:20:23,Sell Down,2000,22650.0,0.0
HSG,11:20:23,Sell Down,700,22650.0,0.0
HSG,11:20:23,Sell Down,200,22650.0,0.0
HSG,11:20:23,Sell Down,500,22650.0,0.0
HSG,11:20:23,Sell Down,3000,22650.0,0.0
HSG,11:20:23,Sell Down,500,22650.0,0.0
HSG,11:20:23,Sell Down,2500,22650.0,0.0
HSG,11:20:23,Sell Down,100,22650.0,0.0
HSG,11:20:23,Sell Down,700,22650.0,0.0
HSG,11:20:23,Sell Down,2000,22650.0,0.0
HSG,11:20:23,Sell Down,200,22650.0,0.0
HSG,11:20:23,Sell Down,1000,22650.0,0.0
HSG,11:20:23,Sell Down,1000,22650.0,0.0
HSG,11:20:23,Sell Down,1000,22650.0,0.0
HSG,11:20:23,Sell Down,10000,22650.0,0.0
HSG,11:20:23,Sell Down,200,22650.0,0.0
HSG,11:20:23,Sell Down,800,22650.0,0.0
HSG,11:20:23,Sell Down,100,22650.0,0.0
HSG,11:20:23,Sell Down,2000,22650.0,0.0
HSG,11:20:23,Sell Down,1000,22650.0,0.0
HSG,11:20:23,Sell Down,900,22650.0,0.0
HSG,11:20:23,Sell Down,500,22650.0,0.0
HSG,11:20:23,Sell Down,100,22650.0,0.0
HSG,11:20:23,Sell Down,1800,22650.0,0.0
HSG,11:20:23,Sell Down,100,22650.0,0.0
HSG,11:20:23,Sell Down,500,22650.0,0.0
HSG,11:20:23,Sell Down,300,22650.0,0.0
HSG,11:20:18,Sell Down,200,22650.0,0.0
HSG,11:20:07,Sell Down,2000,22650.0,0.0
HSG,11:20:07,Sell Down,1000,22650.0,0.0
HSG,11:20:07,Sell Down,3000,22650.0,0.0
HSG,11:20:07,Sell Down,100,22650.0,0.0
HSG,11:20:07,Sell Down,400,22650.0,0.0
HSG,11:20:07,Sell Down,400,22650.0,0.0
HSG,11:20:07,Sell Down,2500,22650.0,0.0
HSG,11:20:07,Sell Down,5000,22650.0,0.0
HSG,11:20:07,Sell Down,3500,22650.0,0.0
HSG,11:20:07,Sell Down,5000,22650.0,0.0
HSG,11:20:07,Sell Down,3000,22650.0,0.0
HSG,11:20:07,Sell Down,2000,22650.0,0.0
HSG,11:20:07,Sell Down,100,22650.0,0.0
HSG,11:20:07,Sell Down,2000,22650.0,0.0
HSG,11:20:03,Sell Down,1000,22650.0,0.0
HSG,11:19:46,Sell Down,1000,22650.0,-50.0
HSG,11:19:42,Buy Up,900,22700.0,0.0
HSG,11:19:42,Buy Up,1600,22700.0,50.0
HSG,11:19:42,Sell Down,300,22650.0,0.0
HSG,11:19:42,Sell Down,1300,22650.0,0.0
HSG,11:19:42,Sell Down,100,22650.0,0.0
HSG,11:19:35,Sell Down,3700,22650.0,0.0
HSG,11:19:34,Sell Down,5000,22650.0,0.0
HSG,11:19:34,Sell Down,1000,22650.0,0.0
HSG,11:19:34,Sell Down,1000,22650.0,0.0
HSG,11:19:34,Sell Down,1300,22650.0,0.0
HSG,11:19:32,Sell Down,3800,22650.0,0.0
HSG,11:19:32,Sell Down,700,22650.0,-50.0
HSG,11:19:32,Buy Up,1000,22700.0,0.0
HSG,11:19:21,Buy Up,100,22700.0,0.0
HSG,11:19:07,Buy Up,1100,22700.0,50.0
HSG,11:19:00,Sell Down,1800,22650.0,0.0
HSG,11:18:45,Sell Down,10000,22650.0,0.0
HSG,11:18:40,Sell Down,600,22650.0,0.0
HSG,11:18:25,Sell Down,3000,22650.0,0.0
HSG,11:18:18,Sell Down,1800,22650.0,0.0
HSG,11:18:16,Sell Down,100,22650.0,0.0
HSG,11:18:16,Sell Down,200,22650.0,0.0
HSG,11:18:16,Sell Down,200,22650.0,0.0
HSG,11:18:16,Sell Down,200,22650.0,-50.0
HSG,11:18:12,Buy Up,1000,22700.0,50.0
HSG,11:18:01,Sell Down,300,22650.0,0.0
HSG,11:17:41,Sell Down,300,22650.0,0.0
HSG,11:17:35,Sell Down,27700,22650.0,0.0
HSG,11:17:35,Sell Down,20900,22650.0,0.0
HSG,11:17:32,Sell Down,1800,22650.0,0.0
HSG,11:17:30,Sell Down,1000,22650.0,0.0
HSG,11:17:29,Sell Down,2200,22650.0,0.0
HSG,11:16:59,Sell Down,300,22650.0,0.0
HSG,11:16:59,Sell Down,300,22650.0,0.0
HSG,11:16:51,Sell Down,20000,22650.0,0.0
HSG,11:16:49,Sell Down,1700,22650.0,0.0
HSG,11:16:34,Sell Down,1800,22650.0,0.0
HSG,11:16:34,Sell Down,1200,22650.0,0.0
HSG,11:16:30,Sell Down,3000,22650.0,0.0
HSG,11:16:21,Sell Down,2100,22650.0,0.0
HSG,11:16:20,Sell Down,3700,22650.0,0.0
HSG,11:16:20,Sell Down,6300,22650.0,0.0
HSG,11:16:15,Sell Down,1000,22650.0,0.0
HSG,11:16:12,Sell Down,300,22650.0,-50.0
HSG,11:16:12,Buy Up,100,22700.0,50.0
HSG,11:16:10,Sell Down,900,22650.0,0.0
HSG,11:16:08,Sell Down,1800,22650.0,0.0
HSG,11:15:41,Sell Down,300,22650.0,0.0
HSG,11:15:34,Sell Down,2200,22650.0,0.0
HSG,11:15:30,Sell Down,5000,22650.0,0.0
HSG,11:15:26,Sell Down,1000,22650.0,0.0
HSG,11:15:24,Sell Down,100,22650.0,0.0
HSG,11:15:22,Sell Down,1800,22650.0,-50.0
HSG,11:15:15,Buy Up,500,22700.0,50.0
HSG,11:15:12,Sell Down,400,22650.0,0.0
HSG,11:15:04,Sell Down,20000,22650.0,0.0
HSG,11:15:00,Sell Down,2500,22650.0,0.0
HSG,11:14:48,Sell Down,100,22650.0,0.0
HSG,11:14:40,Sell Down,2500,22650.0,0.0
HSG,11:14:39,Sell Down,1900,22650.0,0.0
HSG,11:14:37,Sell Down,200,22650.0,0.0
HSG,11:14:16,Sell Down,1700,22650.0,0.0
HSG,11:14:16,Sell Down,1000,22650.0,0.0
HSG,11:14:16,Sell Down,300,22650.0,0.0
HSG,11:14:10,Sell Down,500,22650.0,0.0
HSG,11:14:10,Sell Down,1500,22650.0,0.0
HSG,11:14:10,Sell Down,1000,22650.0,0.0
HSG,11:13:52,Sell Down,1900,22650.0,0.0
HSG,11:13:07,Sell Down,1900,22650.0,-50.0
HSG,11:13:06,Buy Up,10000,22700.0,0.0
HSG,11:12:47,Buy Up,800,22700.0,50.0
HSG,11:12:47,Sell Down,5200,22650.0,0.0
HSG,11:12:47,Sell Down,2000,22650.0,0.0
HSG,11:12:47,Sell Down,200,22650.0,0.0
HSG,11:12:47,Sell Down,800,22650.0,0.0
HSG,11:12:47,Sell Down,1800,22650.0,0.0
HSG,11:12:29,Sell Down,300,22650.0,0.0
HSG,11:12:29,Sell Down,300,22650.0,0.0
HSG,11:12:29,Sell Down,100,22650.0,0.0
HSG,11:12:19,Sell Down,1800,22650.0,-50.0
HSG,11:12:17,Buy Up,2700,22700.0,0.0
HSG,11:12:17,Buy Up,500,22700.0,0.0
HSG,11:12:17,Buy Up,1800,22700.0,0.0
HSG,11:11:39,Buy Up,8200,22700.0,0.0
HSG,11:11:39,Buy Up,5800,22700.0,50.0
HSG,11:11:35,Sell Down,2000,22650.0,-50.0
HSG,11:11:30,Buy Up,300,22700.0,0.0
HSG,11:11:08,Buy Up,3900,22700.0,0.0
HSG,11:11:08,Buy Up,300,22700.0,0.0
HSG,11:11:08,Buy Up,800,22700.0,0.0
HSG,11:11:00,Buy Up,100,22700.0,0.0
HSG,11:10:49,Buy Up,900,22700.0,0.0
HSG,11:10:49,Buy Up,900,22700.0,50.0
HSG,11:10:47,Sell Down,1900,22650.0,0.0
HSG,11:10:33,Sell Down,200,22650.0,0.0
HSG,11:10:33,Sell Down,300,22650.0,0.0
HSG,11:10:33,Sell Down,100,22650.0,0.0
HSG,11:10:33,Sell Down,300,22650.0,0.0
HSG,11:10:18,Sell Down,3600,22650.0,0.0
HSG,11:10:01,Sell Down,1400,22650.0,0.0
HSG,11:10:01,Sell Down,500,22650.0,-50.0
HSG,11:09:20,Buy Up,1000,22700.0,0.0
HSG,11:09:09,Buy Up,1000,22700.0,0.0
HSG,11:09:09,Buy Up,2000,22700.0,0.0
HSG,11:09:09,Buy Up,3100,22700.0,0.0
HSG,11:09:06,Sell Down,3000,22700.0,0.0
HSG,11:09:00,Sell Down,25000,22700.0,0.0
HSG,11:08:56,Sell Down,200,22700.0,0.0
HSG,11:08:53,Sell Down,1000,22700.0,0.0
HSG,11:08:50,Sell Down,400,22700.0,0.0
HSG,11:08:47,Sell Down,600,22700.0,0.0
HSG,11:08:45,Sell Down,500,22700.0,0.0
HSG,11:08:38,Sell Down,6000,22700.0,0.0
HSG,11:08:35,Sell Down,500,22700.0,0.0
HSG,11:08:33,Sell Down,29700,22700.0,0.0
HSG,11:08:33,Sell Down,300,22700.0,0.0
HSG,11:08:31,Sell Down,700,22700.0,0.0
HSG,11:08:31,Sell Down,1000,22700.0,0.0
HSG,11:08:19,Sell Down,200,22700.0,0.0
HSG,11:08:06,Sell Down,2000,22700.0,0.0
HSG,11:07:59,Sell Down,300,22700.0,0.0
HSG,11:07:59,Sell Down,400,22700.0,0.0
HSG,11:07:58,Sell Down,15000,22700.0,0.0
HSG,11:07:56,Sell Down,1100,22700.0,0.0
HSG,11:07:56,Sell Down,100,22700.0,0.0
HSG,11:07:56,Sell Down,1800,22700.0,0.0
HSG,11:07:55,Sell Down,3000,22700.0,0.0
HSG,11:07:47,Sell Down,200,22700.0,0.0
HSG,11:07:47,Sell Down,1800,22700.0,0.0
HSG,11:07:40,Sell Down,100,22700.0,-50.0
HSG,11:07:40,Buy Up,1900,22750.0,0.0
HSG,11:07:34,Buy Up,100,22750.0,0.0
HSG,11:07:01,Buy Up,1500,22750.0,50.0
HSG,11:07:00,Sell Down,1800,22700.0,0.0
HSG,11:06:59,Sell Down,100,22700.0,0.0
HSG,11:06:59,Sell Down,4200,22700.0,0.0
HSG,11:06:59,Sell Down,5800,22700.0,0.0
HSG,11:06:49,Sell Down,400,22700.0,0.0
HSG,11:06:34,Sell Down,5000,22700.0,0.0
HSG,11:06:24,Sell Down,600,22700.0,0.0
HSG,11:06:16,Sell Down,1800,22700.0,0.0
HSG,11:06:12,Sell Down,100,22700.0,0.0
HSG,11:06:05,Sell Down,1000,22700.0,0.0
HSG,11:05:49,Sell Down,100,22700.0,0.0
HSG,11:05:48,Sell Down,2000,22700.0,0.0
HSG,11:05:46,Sell Down,1000,22700.0,0.0
HSG,11:05:31,Sell Down,1800,22700.0,0.0
HSG,11:05:27,Sell Down,400,22700.0,0.0
HSG,11:05:27,Sell Down,600,22700.0,-50.0
HSG,11:05:18,Buy Up,700,22750.0,0.0
HSG,11:05:18,Buy Up,1300,22750.0,0.0
HSG,11:05:10,Buy Up,200,22750.0,50.0
HSG,11:04:49,Sell Down,3000,22700.0,0.0
HSG,11:04:48,Sell Down,100,22700.0,0.0
HSG,11:04:48,Sell Down,1800,22700.0,0.0
HSG,11:04:47,Buy Up,500,22700.0,0.0
HSG,11:04:47,Buy Up,200,22700.0,0.0
HSG,11:04:47,Buy Up,100,22700.0,0.0
HSG,11:04:47,Buy Up,100,22700.0,0.0
HSG,11:04:47,Buy Up,200,22700.0,0.0
HSG,11:04:47,Buy Up,100,22700.0,0.0
HSG,11:04:47,Buy Up,200,22700.0,0.0
HSG,11:04:47,Buy Up,5000,22700.0,0.0
HSG,11:04:47,Buy Up,100,22700.0,0.0
HSG,11:04:47,Buy Up,10000,22700.0,0.0
HSG,11:04:47,Buy Up,1200,22700.0,0.0
HSG,11:04:47,Buy Up,200,22700.0,0.0
HSG,11:04:47,Buy Up,200,22700.0,0.0
HSG,11:04:47,Buy Up,100,22700.0,0.0
HSG,11:04:47,Buy Up,500,22700.0,0.0
HSG,11:04:47,Buy Up,200,22700.0,0.0
HSG,11:04:47,Buy Up,500,22700.0,0.0
HSG,11:04:47,Buy Up,500,22700.0,0.0
HSG,11:04:47,Buy Up,100,22700.0,0.0
HSG,11:04:47,Buy Up,100,22700.0,0.0
HSG,11:04:41,Buy Up,2800,22700.0,0.0
HSG,11:04:41,Buy Up,2000,22700.0,0.0
HSG,11:04:41,Buy Up,1000,22700.0,0.0
HSG,11:04:41,Buy Up,1000,22700.0,0.0
HSG,11:04:41,Buy Up,3200,22700.0,0.0
HSG,11:04:39,Buy Up,1000,22700.0,0.0
HSG,11:04:38,Buy Up,100,22700.0,0.0
HSG,11:04:38,Buy Up,2000,22700.0,0.0
HSG,11:04:38,Buy Up,8000,22700.0,0.0
HSG,11:04:38,Buy Up,100,22700.0,0.0
HSG,11:04:38,Buy Up,5800,22700.0,0.0
HSG,11:04:38,Buy Up,1000,22700.0,0.0
HSG,11:04:38,Buy Up,100,22700.0,0.0
HSG,11:04:38,Buy Up,100,22700.0,0.0
HSG,11:04:38,Buy Up,1000,22700.0,0.0
HSG,11:04:38,Buy Up,100,22700.0,0.0
HSG,11:04:38,Buy Up,1000,22700.0,0.0
HSG,11:04:38,Buy Up,800,22700.0,0.0
HSG,11:04:38,Buy Up,2000,22700.0,0.0
HSG,11:04:38,Buy Up,1300,22700.0,0.0
HSG,11:04:38,Buy Up,1000,22700.0,0.0
HSG,11:04:38,Buy Up,1000,22700.0,0.0
HSG,11:04:38,Buy Up,2000,22700.0,0.0
HSG,11:04:38,Buy Up,100,22700.0,0.0
HSG,11:04:38,Buy Up,1000,22700.0,0.0
HSG,11:04:38,Buy Up,200,22700.0,0.0
HSG,11:04:38,Buy Up,600,22700.0,0.0
HSG,11:04:38,Buy Up,200,22700.0,0.0
HSG,11:04:38,Buy Up,5000,22700.0,0.0
HSG,11:04:38,Buy Up,1500,22700.0,0.0
HSG,11:04:38,Buy Up,1200,22700.0,0.0
HSG,11:04:38,Buy Up,500,22700.0,0.0
HSG,11:04:38,Buy Up,400,22700.0,0.0
HSG,11:04:38,Buy Up,400,22700.0,0.0
HSG,11:04:38,Buy Up,10000,22700.0,0.0
HSG,11:04:38,Buy Up,1500,22700.0,0.0
HSG,11:04:37,Buy Up,500,22700.0,0.0
HSG,11:04:37,Buy Up,200,22700.0,0.0
HSG,11:04:37,Buy Up,200,22700.0,0.0
HSG,11:04:37,Buy Up,100,22700.0,0.0
HSG,11:04:34,Buy Up,300,22700.0,0.0
HSG,11:04:34,Buy Up,200,22700.0,0.0
HSG,11:04:34,Buy Up,100,22700.0,0.0
HSG,11:04:34,Buy Up,2000,22700.0,0.0
HSG,11:04:34,Buy Up,100,22700.0,0.0
HSG,11:04:34,Buy Up,2300,22700.0,0.0
HSG,11:04:33,Buy Up,10000,22700.0,50.0
HSG,11:04:32,Sell Down,500,22650.0,-50.0
HSG,11:04:26,Buy Up,5000,22700.0,50.0
HSG,11:04:22,Sell Down,800,22650.0,-50.0
HSG,11:04:16,Buy Up,1100,22700.0,0.0
HSG,11:04:15,Buy Up,21600,22700.0,0.0
HSG,11:04:15,Buy Up,1000,22700.0,0.0
HSG,11:04:15,Buy Up,200,22700.0,0.0
HSG,11:04:15,Buy Up,5000,22700.0,0.0
HSG,11:04:15,Buy Up,500,22700.0,0.0
HSG,11:04:15,Buy Up,100,22700.0,0.0
HSG,11:04:15,Buy Up,1000,22700.0,0.0
HSG,11:04:15,Buy Up,600,22700.0,50.0
HSG,11:04:05,Sell Down,1900,22650.0,-50.0
HSG,11:03:50,Buy Up,1100,22700.0,50.0
HSG,11:03:50,Sell Down,500,22650.0,0.0
HSG,11:03:47,Sell Down,100,22650.0,-50.0
HSG,11:03:44,Buy Up,200,22700.0,0.0
HSG,11:03:34,Buy Up,800,22700.0,0.0
HSG,11:03:34,Buy Up,300,22700.0,50.0
HSG,11:03:32,Sell Down,700,22650.0,0.0
HSG,11:03:29,Sell Down,300,22650.0,0.0
HSG,11:03:29,Sell Down,300,22650.0,0.0
HSG,11:03:27,Buy Up,200,22650.0,0.0
HSG,11:03:27,Buy Up,200,22650.0,0.0
HSG,11:03:27,Buy Up,4800,22650.0,0.0
HSG,11:03:26,Buy Up,200,22650.0,0.0
HSG,11:03:26,Buy Up,2800,22650.0,0.0
HSG,11:03:25,Buy Up,2000,22650.0,0.0
HSG,11:03:25,Buy Up,8000,22650.0,0.0
HSG,11:03:25,Buy Up,17200,22650.0,0.0
HSG,11:03:25,Buy Up,100,22650.0,0.0
HSG,11:03:25,Buy Up,700,22650.0,0.0
HSG,11:03:25,Buy Up,1300,22650.0,0.0
HSG,11:03:25,Buy Up,200,22650.0,0.0
HSG,11:03:25,Buy Up,100,22650.0,0.0
HSG,11:03:25,Buy Up,600,22650.0,0.0
HSG,11:03:25,Buy Up,500,22650.0,0.0
HSG,11:03:25,Buy Up,1000,22650.0,0.0
HSG,11:03:25,Buy Up,200,22650.0,0.0
HSG,11:03:24,Buy Up,400,22650.0,0.0
HSG,11:03:24,Buy Up,3000,22650.0,0.0
HSG,11:03:24,Buy Up,700,22650.0,0.0
HSG,11:03:24,Buy Up,10000,22650.0,0.0
HSG,11:03:24,Buy Up,1000,22650.0,0.0
HSG,11:03:24,Buy Up,500,22650.0,0.0
HSG,11:03:24,Buy Up,300,22650.0,0.0
HSG,11:03:24,Buy Up,6800,22650.0,0.0
HSG,11:03:24,Buy Up,500,22650.0,0.0
HSG,11:03:24,Buy Up,1600,22650.0,0.0
HSG,11:03:24,Buy Up,600,22650.0,0.0
HSG,11:03:24,Buy Up,400,22650.0,0.0
HSG,11:03:24,Buy Up,1200,22650.0,0.0
HSG,11:03:24,Buy Up,1100,22650.0,0.0
HSG,11:03:18,Buy Up,200,22650.0,50.0
HSG,11:03:17,Sell Down,2100,22600.0,0.0
HSG,11:03:15,Sell Down,200,22600.0,-50.0
HSG,11:03:15,Buy Up,1000,22650.0,0.0
HSG,11:03:10,Buy Up,1000,22650.0,0.0
HSG,11:03:08,Buy Up,2000,22650.0,0.0
HSG,11:03:04,Buy Up,500,22650.0,0.0
HSG,11:03:00,Buy Up,500,22650.0,0.0
HSG,11:02:57,Buy Up,6000,22650.0,0.0
HSG,11:02:56,Buy Up,3000,22650.0,0.0
HSG,11:02:52,Buy Up,200,22650.0,0.0
HSG,11:02:50,Buy Up,100,22650.0,50.0
HSG,11:02:50,Sell Down,100,22600.0,0.0
HSG,11:02:50,Sell Down,200,22600.0,0.0
HSG,11:02:50,Sell Down,200,22600.0,0.0
HSG,11:02:50,Sell Down,200,22600.0,-50.0
HSG,11:02:49,Buy Up,3000,22650.0,0.0
HSG,11:02:47,Buy Up,1000,22650.0,0.0
HSG,11:02:47,Buy Up,1500,22650.0,0.0
HSG,11:02:41,Buy Up,1000,22650.0,0.0
HSG,11:02:37,Buy Up,2000,22650.0,0.0
HSG,11:02:33,Buy Up,700,22650.0,0.0
HSG,11:02:33,Buy Up,200,22650.0,0.0
HSG,11:02:33,Buy Up,100,22650.0,0.0
HSG,11:02:33,Buy Up,500,22650.0,0.0
HSG,11:02:33,Buy Up,1100,22650.0,0.0
HSG,11:02:33,Buy Up,100,22650.0,0.0
HSG,11:02:33,Buy Up,300,22650.0,0.0
HSG,11:02:33,Buy Up,800,22650.0,0.0
HSG,11:02:33,Buy Up,800,22650.0,0.0
HSG,11:02:33,Buy Up,500,22650.0,0.0
HSG,11:02:27,Buy Up,3000,22650.0,0.0
HSG,11:02:27,Buy Up,2000,22650.0,0.0
HSG,11:02:27,Buy Up,100,22650.0,0.0
HSG,11:02:27,Buy Up,200,22650.0,0.0
HSG,11:02:27,Buy Up,4700,22650.0,0.0
HSG,11:02:27,Buy Up,300,22650.0,0.0
HSG,11:02:27,Buy Up,300,22650.0,0.0
HSG,11:02:27,Buy Up,300,22650.0,0.0
HSG,11:02:27,Buy Up,100,22650.0,50.0
HSG,11:02:27,Sell Down,1700,22600.0,-50.0
HSG,11:02:26,Buy Up,900,22650.0,0.0
HSG,11:02:25,Buy Up,1000,22650.0,0.0
HSG,11:02:25,Buy Up,500,22650.0,0.0
HSG,11:02:25,Buy Up,400,22650.0,0.0
HSG,11:02:25,Buy Up,1000,22650.0,0.0
HSG,11:02:25,Buy Up,200,22650.0,0.0
HSG,11:02:25,Buy Up,1800,22650.0,0.0
HSG,11:02:25,Buy Up,100,22650.0,0.0
HSG,11:02:25,Buy Up,100,22650.0,0.0
HSG,11:02:24,Buy Up,100,22650.0,0.0
HSG,11:02:24,Buy Up,900,22650.0,0.0
HSG,11:02:24,Buy Up,2100,22650.0,0.0
HSG,11:02:24,Buy Up,500,22650.0,0.0
HSG,11:02:24,Buy Up,300,22650.0,0.0
HSG,11:02:24,Buy Up,100,22650.0,0.0
HSG,11:02:19,Buy Up,300,22650.0,0.0
HSG,11:02:19,Buy Up,200,22650.0,0.0
HSG,11:02:19,Buy Up,100,22650.0,0.0
HSG,11:02:19,Buy Up,1400,22650.0,0.0
HSG,11:02:18,Buy Up,500,22650.0,0.0
HSG,11:02:18,Buy Up,100,22650.0,0.0
HSG,11:02:18,Buy Up,100,22650.0,0.0
HSG,11:02:17,Buy Up,10000,22650.0,0.0
HSG,11:02:16,Buy Up,500,22650.0,0.0
HSG,11:02:16,Buy Up,300,22650.0,0.0
HSG,11:02:16,Buy Up,200,22650.0,0.0
HSG,11:02:12,Buy Up,3000,22650.0,0.0
HSG,11:02:12,Buy Up,6800,22650.0,0.0
HSG,11:02:12,Buy Up,300,22650.0,0.0
HSG,11:02:12,Buy Up,200,22650.0,0.0
HSG,11:02:12,Buy Up,100,22650.0,0.0
HSG,11:02:12,Buy Up,2500,22650.0,0.0
HSG,11:02:09,Buy Up,2500,22650.0,0.0
HSG,11:02:09,Buy Up,2000,22650.0,0.0
HSG,11:02:09,Buy Up,700,22650.0,0.0
HSG,11:02:09,Buy Up,200,22650.0,0.0
HSG,11:02:09,Buy Up,400,22650.0,0.0
HSG,11:02:09,Buy Up,400,22650.0,0.0
HSG,11:02:09,Buy Up,500,22650.0,0.0
HSG,11:02:09,Buy Up,200,22650.0,0.0
HSG,11:02:09,Buy Up,2000,22650.0,0.0
HSG,11:02:09,Buy Up,500,22650.0,0.0
HSG,11:02:09,Buy Up,400,22650.0,0.0
HSG,11:02:09,Buy Up,100,22650.0,0.0
HSG,11:02:09,Buy Up,100,22650.0,0.0
HSG,11:02:08,Buy Up,100,22650.0,0.0
HSG,11:02:08,Buy Up,2000,22650.0,0.0
HSG,11:02:08,Buy Up,200,22650.0,0.0
HSG,11:02:08,Buy Up,100,22650.0,0.0
HSG,11:02:08,Buy Up,200,22650.0,0.0
HSG,11:02:08,Buy Up,300,22650.0,0.0
HSG,11:02:08,Buy Up,100,22650.0,0.0
HSG,11:02:02,Buy Up,400,22650.0,0.0
HSG,11:02:02,Buy Up,200,22650.0,0.0
HSG,11:02:02,Buy Up,400,22650.0,0.0
HSG,11:02:02,Buy Up,5000,22650.0,0.0
HSG,11:02:02,Buy Up,1000,22650.0,50.0
HSG,11:02:01,Sell Down,8000,22600.0,-50.0
HSG,11:01:59,Buy Up,3000,22650.0,0.0
HSG,11:01:52,Buy Up,400,22650.0,0.0
HSG,11:01:45,Buy Up,200,22650.0,50.0
HSG,11:01:44,Sell Down,1800,22600.0,-50.0
HSG,11:01:27,Buy Up,1100,22650.0,50.0
HSG,11:01:10,Sell Down,200,22600.0,0.0
HSG,11:01:01,Sell Down,400,22600.0,0.0
HSG,11:01:01,Sell Down,1000,22600.0,0.0
HSG,11:01:01,Sell Down,300,22600.0,0.0
HSG,11:00:55,Sell Down,9700,22600.0,0.0
HSG,11:00:55,Sell Down,30000,22600.0,0.0
HSG,11:00:55,Sell Down,3500,22600.0,0.0
HSG,11:00:18,Sell Down,1800,22600.0,-50.0
HSG,11:00:09,Buy Up,1000,22650.0,50.0
HSG,10:59:34,Sell Down,1900,22600.0,0.0
HSG,10:59:33,Sell Down,700,22600.0,0.0
HSG,10:59:26,Sell Down,300,22600.0,0.0
HSG,10:59:18,Sell Down,400,22600.0,0.0
HSG,10:59:05,Sell Down,1400,22600.0,0.0
HSG,10:59:05,Sell Down,1200,22600.0,0.0
HSG,10:59:04,Sell Down,800,22600.0,0.0
HSG,10:59:04,Sell Down,1200,22600.0,0.0
HSG,10:58:59,Sell Down,200,22600.0,0.0
HSG,10:58:59,Sell Down,200,22600.0,0.0
HSG,10:58:59,Sell Down,300,22600.0,0.0
HSG,10:58:59,Sell Down,400,22600.0,0.0
HSG,10:58:59,Sell Down,200,22600.0,0.0
HSG,10:58:59,Sell Down,100,22600.0,0.0
HSG,10:58:50,Sell Down,5000,22600.0,0.0
HSG,10:58:50,Sell Down,1800,22600.0,0.0
HSG,10:58:21,Sell Down,100,22600.0,0.0
HSG,10:58:12,Sell Down,500,22600.0,0.0
HSG,10:58:12,Sell Down,500,22600.0,0.0
HSG,10:58:05,Sell Down,1700,22600.0,0.0
HSG,10:57:50,Sell Down,1000,22600.0,0.0
HSG,10:57:41,Sell Down,100,22600.0,0.0
HSG,10:57:35,Sell Down,200,22600.0,0.0
HSG,10:57:23,Sell Down,1900,22600.0,0.0
HSG,10:57:21,Sell Down,100,22600.0,0.0
HSG,10:56:39,Sell Down,1500,22600.0,0.0
HSG,10:56:39,Sell Down,4500,22600.0,0.0
HSG,10:56:39,Sell Down,1100,22600.0,0.0
HSG,10:56:38,Sell Down,1800,22600.0,-50.0
HSG,10:56:13,Buy Up,100,22650.0,0.0
HSG,10:56:13,Buy Up,2000,22650.0,0.0
HSG,10:56:12,Buy Up,5000,22650.0,0.0
HSG,10:56:02,Buy Up,10000,22650.0,0.0
HSG,10:56:02,Buy Up,800,22650.0,50.0
HSG,10:56:01,Sell Down,1000,22600.0,-50.0
HSG,10:55:53,Buy Up,2000,22650.0,50.0
HSG,10:55:53,Sell Down,1700,22600.0,0.0
HSG,10:55:17,Sell Down,1000,22600.0,0.0
HSG,10:55:11,Sell Down,1800,22600.0,0.0
HSG,10:55:08,Sell Down,200,22600.0,0.0
HSG,10:55:08,Sell Down,300,22600.0,0.0
HSG,10:55:08,Sell Down,200,22600.0,0.0
HSG,10:55:08,Sell Down,300,22600.0,0.0
HSG,10:54:46,Sell Down,400,22600.0,0.0
HSG,10:54:29,Sell Down,300,22600.0,0.0
HSG,10:54:29,Sell Down,400,22600.0,0.0
HSG,10:54:29,Sell Down,400,22600.0,0.0
HSG,10:54:28,Sell Down,1800,22600.0,0.0
HSG,10:54:21,Sell Down,500,22600.0,0.0
HSG,10:54:18,Sell Down,1000,22600.0,0.0
HSG,10:53:44,Sell Down,1800,22600.0,0.0
HSG,10:53:40,Sell Down,100,22600.0,0.0
HSG,10:53:37,Sell Down,1000,22600.0,-50.0
HSG,10:53:25,Buy Up,200,22650.0,50.0
HSG,10:53:18,Sell Down,500,22600.0,0.0
HSG,10:53:00,Sell Down,1700,22600.0,0.0
HSG,10:52:43,Sell Down,2600,22600.0,0.0
HSG,10:52:18,Sell Down,1700,22600.0,0.0
HSG,10:52:06,Sell Down,4900,22600.0,0.0
HSG,10:52:06,Sell Down,500,22600.0,0.0
HSG,10:52:06,Sell Down,500,22600.0,0.0
HSG,10:52:06,Sell Down,4100,22600.0,0.0
HSG,10:51:53,Sell Down,200,22600.0,0.0
HSG,10:51:39,Sell Down,500,22600.0,0.0
HSG,10:51:35,Sell Down,1800,22600.0,0.0
HSG,10:51:28,Sell Down,1000,22600.0,0.0
HSG,10:51:09,Sell Down,100,22600.0,0.0
HSG,10:50:53,Sell Down,1800,22600.0,-50.0
HSG,10:50:38,Buy Up,300,22650.0,50.0
HSG,10:50:09,Sell Down,1700,22600.0,-50.0
HSG,10:50:07,Buy Up,1000,22650.0,50.0
HSG,10:50:04,Sell Down,28800,22600.0,0.0
HSG,10:50:04,Sell Down,1200,22600.0,0.0
HSG,10:49:59,Sell Down,300,22600.0,0.0
HSG,10:49:59,Sell Down,300,22600.0,0.0
HSG,10:49:46,Sell Down,100,22600.0,0.0
HSG,10:49:44,Sell Down,1500,22600.0,0.0
HSG,10:49:29,Sell Down,1000,22600.0,-50.0
HSG,10:49:29,Buy Up,1900,22650.0,0.0
HSG,10:49:29,Buy Up,500,22650.0,50.0
HSG,10:49:26,Sell Down,1900,22600.0,0.0
HSG,10:49:08,Sell Down,100,22600.0,0.0
HSG,10:49:02,Sell Down,300,22600.0,0.0
HSG,10:48:54,Sell Down,200,22600.0,0.0
HSG,10:48:41,Sell Down,1900,22600.0,-50.0
HSG,10:48:34,Buy Up,4500,22650.0,0.0
HSG,10:48:34,Buy Up,500,22650.0,50.0
HSG,10:48:06,Sell Down,700,22600.0,-50.0
HSG,10:48:04,Buy Up,9500,22650.0,0.0
HSG,10:48:04,Buy Up,500,22650.0,0.0
HSG,10:48:04,Buy Up,500,22650.0,0.0
HSG,10:48:04,Buy Up,200,22650.0,0.0
HSG,10:48:04,Buy Up,4300,22650.0,0.0
HSG,10:48:01,Buy Up,200,22650.0,0.0
HSG,10:48:01,Buy Up,200,22650.0,0.0
HSG,10:48:01,Buy Up,30000,22650.0,0.0
HSG,10:48:01,Buy Up,400,22650.0,0.0
HSG,10:48:01,Buy Up,1000,22650.0,0.0
HSG,10:48:01,Buy Up,3200,22650.0,50.0
HSG,10:47:57,Sell Down,500,22600.0,0.0
HSG,10:47:54,Sell Down,1800,22600.0,0.0
HSG,10:47:48,Sell Down,2000,22600.0,0.0
HSG,10:47:45,Sell Down,200,22600.0,0.0
HSG,10:47:42,Sell Down,1000,22600.0,0.0
HSG,10:47:25,Sell Down,300,22600.0,0.0
HSG,10:47:25,Sell Down,100,22600.0,0.0
HSG,10:47:25,Sell Down,200,22600.0,0.0
HSG,10:47:25,Sell Down,300,22600.0,0.0
HSG,10:47:10,Sell Down,1500,22600.0,0.0
HSG,10:47:10,Sell Down,1800,22600.0,0.0
HSG,10:46:56,Sell Down,100,22600.0,0.0
HSG,10:46:50,Sell Down,200,22600.0,0.0
HSG,10:46:27,Sell Down,500,22600.0,0.0
HSG,10:46:27,Sell Down,1200,22600.0,0.0
HSG,10:46:19,Sell Down,300,22600.0,0.0
HSG,10:46:12,Sell Down,200,22600.0,0.0
HSG,10:46:09,Sell Down,300,22600.0,0.0
HSG,10:46:09,Sell Down,5700,22600.0,0.0
HSG,10:46:01,Sell Down,3800,22600.0,0.0
HSG,10:45:57,Sell Down,2900,22600.0,0.0
HSG,10:45:56,Sell Down,1000,22600.0,0.0
HSG,10:45:51,Sell Down,100,22600.0,0.0
HSG,10:45:45,Sell Down,2000,22600.0,0.0
HSG,10:45:43,Sell Down,1800,22600.0,0.0
HSG,10:45:41,Sell Down,2900,22600.0,0.0
HSG,10:45:37,Sell Down,100,22600.0,0.0
HSG,10:45:37,Sell Down,200,22600.0,0.0
HSG,10:45:37,Sell Down,200,22600.0,0.0
HSG,10:45:37,Sell Down,100,22600.0,0.0
HSG,10:45:37,Sell Down,200,22600.0,0.0
HSG,10:45:37,Sell Down,1000,22600.0,0.0
HSG,10:45:37,Sell Down,100,22600.0,0.0
HSG,10:45:37,Sell Down,8500,22600.0,0.0
HSG,10:45:37,Sell Down,1000,22600.0,0.0
HSG,10:45:37,Sell Down,200,22600.0,0.0
HSG,10:45:37,Sell Down,10000,22600.0,0.0
HSG,10:45:37,Sell Down,50000,22600.0,0.0
HSG,10:45:37,Sell Down,8200,22600.0,50.0
HSG,10:45:29,Sell Down,400,22550.0,0.0
HSG,10:45:29,Sell Down,300,22550.0,0.0
HSG,10:45:29,Sell Down,100,22550.0,-50.0
HSG,10:45:17,Buy Up,9800,22600.0,0.0
HSG,10:45:17,Buy Up,200,22600.0,50.0
HSG,10:45:01,Sell Down,1700,22550.0,0.0
HSG,10:44:42,Sell Down,300,22550.0,0.0
HSG,10:44:39,Sell Down,500,22550.0,0.0
HSG,10:44:18,Sell Down,1700,22550.0,0.0
HSG,10:44:08,Sell Down,800,22550.0,0.0
HSG,10:44:08,Sell Down,100,22550.0,0.0
HSG,10:44:08,Sell Down,100,22550.0,0.0
HSG,10:44:02,Sell Down,700,22550.0,0.0
HSG,10:44:02,Sell Down,100,22550.0,0.0
HSG,10:44:02,Sell Down,2000,22550.0,0.0
HSG,10:44:02,Sell Down,1400,22550.0,0.0
HSG,10:44:02,Sell Down,100,22550.0,0.0
HSG,10:44:02,Sell Down,200,22550.0,0.0
HSG,10:44:02,Sell Down,100,22550.0,0.0
HSG,10:44:02,Sell Down,200,22550.0,0.0
HSG,10:43:51,Sell Down,100,22550.0,-50.0
HSG,10:43:44,Buy Up,1000,22600.0,0.0
HSG,10:43:44,Buy Up,2000,22600.0,50.0
HSG,10:43:37,Sell Down,1800,22550.0,0.0
HSG,10:43:16,Sell Down,1400,22550.0,0.0
HSG,10:43:16,Sell Down,500,22550.0,0.0
HSG,10:43:16,Sell Down,500,22550.0,0.0
HSG,10:43:16,Sell Down,600,22550.0,0.0
HSG,10:42:53,Sell Down,1400,22550.0,0.0
HSG,10:42:53,Sell Down,200,22550.0,0.0
HSG,10:42:53,Sell Down,400,22550.0,0.0
HSG,10:42:08,Sell Down,2500,22550.0,0.0
HSG,10:42:03,Sell Down,100,22550.0,0.0
HSG,10:42:03,Sell Down,100,22550.0,0.0
HSG,10:42:03,Sell Down,100,22550.0,0.0
HSG,10:42:03,Sell Down,100,22550.0,0.0
HSG,10:42:03,Sell Down,1000,22550.0,0.0
HSG,10:42:03,Sell Down,100,22550.0,0.0
HSG,10:42:03,Sell Down,300,22550.0,0.0
HSG,10:42:03,Sell Down,100,22550.0,-50.0
HSG,10:41:18,Sell Down,200,22600.0,50.0
HSG,10:41:18,Sell Down,500,22550.0,-50.0
HSG,10:41:18,Sell Down,1000,22600.0,0.0
HSG,10:41:00,Buy Up,100,22600.0,0.0
HSG,10:41:00,Buy Up,100,22600.0,0.0
HSG,10:41:00,Buy Up,200,22600.0,0.0
HSG,10:41:00,Buy Up,14600,22600.0,0.0
HSG,10:41:00,Buy Up,1000,22600.0,50.0
HSG,10:40:59,Sell Down,300,22550.0,0.0
HSG,10:40:59,Sell Down,300,22550.0,-50.0
HSG,10:40:56,Buy Up,100,22600.0,0.0
HSG,10:40:54,Buy Up,6300,22600.0,0.0
HSG,10:40:54,Buy Up,1000,22600.0,0.0
HSG,10:40:54,Buy Up,100,22600.0,0.0
HSG,10:40:54,Buy Up,1000,22600.0,0.0
HSG,10:40:54,Buy Up,1600,22600.0,0.0
HSG,10:40:48,Buy Up,200,22600.0,0.0
HSG,10:40:48,Buy Up,200,22600.0,0.0
HSG,10:40:45,Buy Up,3000,22600.0,0.0
HSG,10:40:43,Buy Up,300,22600.0,0.0
HSG,10:40:43,Buy Up,500,22600.0,0.0
HSG,10:40:43,Buy Up,1200,22600.0,0.0
HSG,10:40:37,Buy Up,500,22600.0,0.0
HSG,10:40:32,Buy Up,3000,22600.0,50.0
HSG,10:40:31,Sell Down,200,22550.0,-50.0
HSG,10:40:29,Buy Up,1500,22600.0,0.0
HSG,10:40:28,Buy Up,3800,22600.0,0.0
HSG,10:40:28,Buy Up,5000,22600.0,0.0
HSG,10:40:28,Buy Up,4900,22600.0,0.0
HSG,10:40:28,Buy Up,4600,22600.0,50.0
HSG,10:40:23,Sell Down,3600,22550.0,0.0
HSG,10:40:23,Sell Down,2400,22550.0,-50.0
HSG,10:40:16,Buy Up,200,22600.0,0.0
HSG,10:40:11,Buy Up,19200,22600.0,0.0
HSG,10:40:11,Buy Up,5000,22600.0,0.0
HSG,10:40:11,Buy Up,1000,22600.0,0.0
HSG,10:40:11,Buy Up,4000,22600.0,0.0
HSG,10:40:11,Buy Up,1000,22600.0,0.0
HSG,10:40:11,Buy Up,19800,22600.0,50.0
HSG,10:40:09,Sell Down,300,22550.0,-50.0
HSG,10:40:04,Buy Up,3000,22600.0,50.0
HSG,10:39:53,Sell Down,1800,22550.0,0.0
HSG,10:39:42,Sell Down,100,22550.0,0.0
HSG,10:39:42,Sell Down,200,22550.0,0.0
HSG,10:39:42,Sell Down,300,22550.0,0.0
HSG,10:39:42,Sell Down,200,22550.0,-50.0
HSG,10:39:32,Buy Up,2000,22600.0,0.0
HSG,10:39:15,Buy Up,300,22600.0,50.0
HSG,10:39:09,Sell Down,1800,22550.0,-50.0
HSG,10:39:04,Buy Up,10000,22600.0,0.0
HSG,10:38:55,Buy Up,200,22600.0,0.0
HSG,10:38:53,Buy Up,100,22600.0,0.0
HSG,10:38:35,Buy Up,5000,22600.0,50.0
HSG,10:38:23,Sell Down,1800,22550.0,-50.0
HSG,10:38:21,Buy Up,5000,22600.0,50.0
HSG,10:37:41,Sell Down,1900,22550.0,-50.0
HSG,10:37:32,Buy Up,1000,22600.0,0.0
HSG,10:37:25,Buy Up,400,22600.0,0.0
HSG,10:37:25,Buy Up,3200,22600.0,0.0
HSG,10:37:06,Sell Down,100,22600.0,0.0
HSG,10:36:58,Sell Down,1700,22600.0,0.0
HSG,10:36:54,Buy Up,200,22600.0,0.0
HSG,10:36:53,Buy Up,300,22600.0,0.0
HSG,10:36:47,Buy Up,100,22600.0,0.0
HSG,10:36:46,Buy Up,200,22600.0,0.0
HSG,10:36:46,Buy Up,100,22600.0,0.0
HSG,10:36:43,Buy Up,100,22600.0,0.0
HSG,10:36:37,Sell Down,700,22600.0,0.0
HSG,10:36:37,Sell Down,4000,22600.0,0.0
HSG,10:36:29,Sell Down,100,22600.0,0.0
HSG,10:36:29,Sell Down,300,22600.0,0.0
HSG,10:36:29,Sell Down,400,22600.0,0.0
HSG,10:36:29,Sell Down,1500,22600.0,0.0
HSG,10:36:18,Sell Down,600,22600.0,0.0
HSG,10:36:18,Sell Down,2000,22600.0,0.0
HSG,10:36:18,Sell Down,300,22600.0,0.0
HSG,10:36:18,Sell Down,800,22600.0,0.0
HSG,10:36:15,Buy Up,200,22600.0,0.0
HSG,10:36:15,Buy Up,100,22600.0,0.0
HSG,10:36:15,Buy Up,200,22600.0,0.0
HSG,10:36:15,Buy Up,4500,22600.0,50.0
HSG,10:36:08,Sell Down,1800,22550.0,-50.0
HSG,10:36:05,Buy Up,1000,22600.0,50.0
HSG,10:36:00,Sell Down,3500,22550.0,-50.0
HSG,10:35:41,Buy Up,100,22600.0,0.0
HSG,10:35:39,Buy Up,18800,22600.0,0.0
HSG,10:35:39,Buy Up,1200,22600.0,0.0
HSG,10:35:34,Buy Up,500,22600.0,0.0
HSG,10:35:34,Buy Up,600,22600.0,0.0
HSG,10:35:34,Buy Up,800,22600.0,0.0
HSG,10:35:34,Buy Up,300,22600.0,0.0
HSG,10:35:34,Buy Up,3800,22600.0,0.0
HSG,10:35:08,Buy Up,100,22600.0,0.0
HSG,10:35:07,Buy Up,1100,22600.0,0.0
HSG,10:34:55,Buy Up,1600,22600.0,50.0
HSG,10:34:50,Sell Down,200,22550.0,-50.0
HSG,10:34:49,Sell Down,1400,22600.0,0.0
HSG,10:34:49,Sell Down,500,22600.0,0.0
HSG,10:34:42,Sell Down,1700,22600.0,0.0
HSG,10:34:40,Buy Up,100,22600.0,0.0
HSG,10:34:40,Buy Up,900,22600.0,0.0
HSG,10:34:40,Buy Up,2000,22600.0,0.0
HSG,10:34:40,Buy Up,400,22600.0,0.0
HSG,10:34:40,Buy Up,500,22600.0,0.0
HSG,10:34:40,Buy Up,3000,22600.0,0.0
HSG,10:34:40,Buy Up,15700,22600.0,0.0
HSG,10:34:38,Buy Up,1000,22600.0,0.0
HSG,10:34:34,Buy Up,500,22600.0,0.0
HSG,10:34:25,Buy Up,6700,22600.0,0.0
HSG,10:34:25,Buy Up,300,22600.0,0.0
HSG,10:34:16,Buy Up,5400,22600.0,0.0
HSG,10:34:16,Buy Up,4600,22600.0,0.0
HSG,10:34:08,Buy Up,3000,22600.0,50.0
HSG,10:34:05,Sell Down,100,22550.0,0.0
HSG,10:33:59,Sell Down,1800,22550.0,-50.0
HSG,10:33:32,Buy Up,200,22600.0,50.0
HSG,10:33:26,Sell Down,100,22550.0,0.0
HSG,10:33:17,Sell Down,1700,22550.0,-50.0
HSG,10:33:06,Buy Up,500,22600.0,0.0
HSG,10:33:06,Buy Up,100,22600.0,0.0
HSG,10:33:06,Buy Up,100,22600.0,0.0
HSG,10:33:06,Buy Up,500,22600.0,0.0
HSG,10:33:06,Buy Up,500,22600.0,0.0
HSG,10:33:06,Buy Up,100,22600.0,0.0
HSG,10:33:06,Buy Up,200,22600.0,0.0
HSG,10:33:06,Sell Down,200,22600.0,0.0
HSG,10:33:06,Sell Down,500,22600.0,0.0
HSG,10:33:06,Sell Down,200,22600.0,0.0
HSG,10:33:06,Sell Down,100,22600.0,0.0
HSG,10:33:06,Sell Down,700,22600.0,0.0
HSG,10:33:06,Sell Down,300,22600.0,0.0
HSG,10:33:06,Sell Down,100,22600.0,0.0
HSG,10:33:06,Sell Down,1600,22600.0,0.0
HSG,10:33:06,Sell Down,3000,22600.0,0.0
HSG,10:33:06,Sell Down,10000,22600.0,0.0
HSG,10:33:06,Sell Down,2000,22600.0,0.0
HSG,10:33:06,Sell Down,500,22600.0,0.0
HSG,10:33:06,Sell Down,1000,22600.0,0.0
HSG,10:33:06,Sell Down,1000,22600.0,0.0
HSG,10:33:06,Sell Down,700,22600.0,0.0
HSG,10:33:06,Sell Down,300,22600.0,0.0
HSG,10:33:06,Sell Down,1000,22600.0,0.0
HSG,10:33:06,Sell Down,100,22600.0,0.0
HSG,10:33:06,Sell Down,500,22600.0,0.0
HSG,10:33:06,Sell Down,100,22600.0,0.0
HSG,10:33:06,Sell Down,200,22600.0,0.0
HSG,10:33:06,Sell Down,1000,22600.0,0.0
HSG,10:33:06,Sell Down,500,22600.0,0.0
HSG,10:33:06,Sell Down,200,22600.0,0.0
HSG,10:33:06,Sell Down,2000,22600.0,0.0
HSG,10:33:06,Sell Down,600,22600.0,0.0
HSG,10:33:06,Sell Down,20000,22600.0,0.0
HSG,10:33:06,Sell Down,300,22600.0,0.0
HSG,10:33:06,Sell Down,2100,22600.0,0.0
HSG,10:33:06,Sell Down,500,22600.0,0.0
HSG,10:33:06,Sell Down,300,22600.0,0.0
HSG,10:33:06,Sell Down,200,22600.0,0.0
HSG,10:33:06,Sell Down,5000,22600.0,0.0
HSG,10:33:06,Sell Down,700,22600.0,0.0
HSG,10:33:06,Sell Down,2700,22600.0,0.0
HSG,10:32:57,Sell Down,100,22600.0,0.0
HSG,10:32:56,Sell Down,1500,22600.0,0.0
HSG,10:32:52,Sell Down,2000,22600.0,0.0
HSG,10:32:52,Sell Down,2000,22600.0,0.0
HSG,10:32:52,Sell Down,1000,22600.0,0.0
HSG,10:32:52,Sell Down,100,22600.0,0.0
HSG,10:32:52,Sell Down,5700,22600.0,0.0
HSG,10:32:52,Sell Down,100,22600.0,0.0
HSG,10:32:52,Sell Down,100,22600.0,0.0
HSG,10:32:52,Sell Down,2000,22600.0,0.0
HSG,10:32:52,Sell Down,1000,22600.0,0.0
HSG,10:32:52,Sell Down,10000,22600.0,0.0
HSG,10:32:52,Sell Down,500,22600.0,0.0
HSG,10:32:52,Sell Down,500,22600.0,0.0
HSG,10:32:52,Sell Down,1000,22600.0,0.0
HSG,10:32:52,Sell Down,1000,22600.0,0.0
HSG,10:32:52,Sell Down,30000,22600.0,0.0
HSG,10:32:52,Sell Down,100,22600.0,0.0
HSG,10:32:52,Sell Down,100,22600.0,0.0
HSG,10:32:52,Sell Down,1000,22600.0,0.0
HSG,10:32:52,Sell Down,25000,22600.0,0.0
HSG,10:32:52,Sell Down,1000,22600.0,0.0
HSG,10:32:52,Sell Down,2000,22600.0,0.0
HSG,10:32:52,Sell Down,300,22600.0,0.0
HSG,10:32:52,Sell Down,2000,22600.0,0.0
HSG,10:32:52,Sell Down,40000,22600.0,0.0
HSG,10:32:52,Sell Down,1000,22600.0,0.0
HSG,10:32:52,Sell Down,10000,22600.0,0.0
HSG,10:32:52,Sell Down,600,22600.0,0.0
HSG,10:32:52,Sell Down,100,22600.0,0.0
HSG,10:32:52,Sell Down,1700,22600.0,0.0
HSG,10:32:52,Sell Down,400,22600.0,0.0
HSG,10:32:52,Sell Down,100,22600.0,0.0
HSG,10:32:52,Sell Down,100,22600.0,0.0
HSG,10:32:52,Sell Down,2000,22600.0,0.0
HSG,10:32:52,Sell Down,500,22600.0,0.0
HSG,10:32:52,Sell Down,2000,22600.0,0.0
HSG,10:32:52,Sell Down,100,22600.0,0.0
HSG,10:32:52,Sell Down,500,22600.0,0.0
HSG,10:32:52,Sell Down,3000,22600.0,0.0
HSG,10:32:52,Sell Down,300,22600.0,0.0
HSG,10:32:52,Sell Down,1000,22600.0,0.0
HSG,10:32:34,Sell Down,1000,22600.0,0.0
HSG,10:32:34,Sell Down,700,22600.0,0.0
HSG,10:32:14,Sell Down,100,22600.0,0.0
HSG,10:32:00,Sell Down,300,22600.0,0.0
HSG,10:32:00,Sell Down,200,22600.0,0.0
HSG,10:32:00,Sell Down,300,22600.0,0.0
HSG,10:32:00,Sell Down,200,22600.0,0.0
HSG,10:32:00,Sell Down,100,22600.0,0.0
HSG,10:32:00,Sell Down,200,22600.0,0.0
HSG,10:32:00,Sell Down,200,22600.0,0.0
HSG,10:32:00,Sell Down,100,22600.0,0.0
HSG,10:32:00,Sell Down,300,22600.0,0.0
HSG,10:31:59,Sell Down,300,22600.0,0.0
HSG,10:31:59,Sell Down,200,22600.0,0.0
HSG,10:31:59,Sell Down,200,22600.0,0.0
HSG,10:31:52,Sell Down,100,22600.0,0.0
HSG,10:31:52,Sell Down,1700,22600.0,-50.0
HSG,10:31:45,Buy Up,1000,22650.0,50.0
HSG,10:31:40,Sell Down,300,22600.0,0.0
HSG,10:31:40,Sell Down,500,22600.0,0.0
HSG,10:31:40,Sell Down,100,22600.0,0.0
HSG,10:31:40,Sell Down,100,22600.0,-50.0
HSG,10:31:39,Buy Up,1000,22650.0,50.0
HSG,10:31:25,Sell Down,500,22600.0,0.0
HSG,10:31:20,Sell Down,100,22600.0,0.0
HSG,10:31:09,Sell Down,1700,22600.0,0.0
HSG,10:30:57,Sell Down,500,22600.0,0.0
HSG,10:30:51,Sell Down,2100,22600.0,0.0
HSG,10:30:51,Sell Down,2900,22600.0,0.0
HSG,10:30:51,Sell Down,2000,22600.0,0.0
HSG,10:30:51,Sell Down,300,22600.0,0.0
HSG,10:30:51,Sell Down,100,22600.0,0.0
HSG,10:30:51,Sell Down,2100,22600.0,0.0
